838 1317
310 128 418 146 -55-

71 187 103 206 est,
116 187 175 201 tamen
188 189 228 201 enm
241 183 335 205 Iphigenia
347 183 470 200 iusiurandum
482 182 582 205 praeiverit,
594 182 658 199 iterum

71 214 127 228 tutum
141 211 244 227 mandatum
257 210 327 227 disertis
340 210 397 227 verbis
410 209 484 231 exprimi
496 215 568 226 necesse
580 212 612 226 est.

128 238 150 259 ³⁵)
161 238 183 255 V.
195 236 228 253 710
246 237 344 259 genuinum
356 242 395 253 esse
407 236 451 253 mihi
463 241 567 258 persuasum
580 239 611 257 est,
628 236 658 252 sed

71 265 90 281 in
108 264 144 281 fine
159 266 252 286 corruptus
268 266 299 285 est,
315 269 356 280 entu
373 264 408 280 duo
425 263 488 280 ultima
504 263 557 280 verba
570 262 660 284 Καδμείων

72 291 125 308 πόλιν
140 297 162 308 ex
176 297 192 308 v.
205 290 238 307 712
252 296 343 313 perperam
358 292 451 312 praerepta
462 290 502 307 sint<
526 292 579 311 utque
591 289 614 306 ab
625 289 659 306 hoc

71 318 110 340 ipso
127 318 199 335 demum
217 323 270 335 versu
288 317 415 338 stichomythia
432 316 498 339 incipit,
516 319 536 334 ut
552 321 580 333 res
596 316 658 333 eodem

71 345 125 362 modo
143 350 162 362 se
179 345 244 361 habeat
261 347 314 366 atque
332 344 367 361 illis
384 344 432 365 loeis,
449 344 471 361 de
485 343 549 365 quibus
561 348 614 365 snpra
625 343 659 360 dis-

71 372 181 394 putavimus.

127 399 148 419 ³⁶)
160 398 195 415 Hic
207 403 268 415 versus
281 404 291 415 a
303 397 385 420 plurimis
393 397 490 414 editoribus
502 397 575 418 deletur,
592 399 609 414 et
617 396 659 419 quia

72 425 217 446 stichomythiam
246 425 364 446 interrumpat
392 427 410 441 et
439 424 480 446 quia
507 424 529 440 ad
558 424 659 445 exemplum

71 458 89 469 v.
102 451 146 469 1448
163 452 253 469 confectus
271 452 306 468 huc
317 451 394 468 insertus
405 451 433 467 sit.
456 453 475 467 at
486 450 563 473 primum
575 450 609 467 hoc
620 450 659 467 loco

71 478 122 501 quasi
129 484 217 495 summam
224 478 249 495 rei
256 478 293 495 dari
300 480 438 495 consentaneum
447 480 478 499 est,
487 480 506 494 nt
514 478 559 494 dnos
566 477 659 494 continuos

71 511 134 522 versus
154 505 176 522 ab
188 505 283 527 Iphigenia
299 505 333 522 diei
351 505 415 521 mirum
434 510 469 521 nou
487 504 515 521 sit.
538 509 596 525 neque
611 500 659 520 enini

71 532 129 549 solum
148 532 232 554 capillum
249 532 328 553 tondent,
346 532 375 554 qui
393 532 461 548 luctum
482 533 579 552 ostentant,
597 536 658 547 verum

71 559 126 576 etiam
138 559 223 581 lugubres
234 561 293 575 vestes
301 558 382 575 induunt.
395 558 463 579 deinde,
475 558 490 575 si
499 564 515 575 v⁴
523 557 567 574 1438
575 558 659 578 deleatur,

69 583 110 608 μηδ’
123 583 167 608 ἀμφὶ
181 585 243 605 κείναις
256 585 275 602 in
288 591 304 602 v.
316 584 360 602 1448
372 591 408 602 non
420 585 485 602 habeat
497 590 532 607 quo
544 587 617 606 spectet.
640 587 659 601 at

71 615 131 629 tamen
149 617 215 633 vereor,
233 614 253 629 ut
270 612 343 628 omnino
359 612 378 628 hi
390 617 452 628 versus
464 612 482 628 in
495 617 567 628 censum
580 611 658 628 veniant*

70 639 138 656 etenim
157 641 192 656 tam
210 639 257 655 male
274 638 341 655 dictum
360 644 398 655 esse
416 644 432 655 v.
445 637 488 655 1437
505 636 544 661 ,uv‘sc’
560 636 588 655 οὖν
600 644 618 661 γε
630 643 659 654 me

70 666 133 683 docuit
144 666 266 687 Wilmnowitz,
278 668 299 682 ut
311 665 428 682 dubitandum
441 665 468 686 sit,
480 671 522 682 num
535 665 553 682 hi
567 671 628 682 versus
636 665 658 681 ab

70 693 110 715 ipsu
122 693 209 715 Euripide
220 692 294 714 proiecti
306 692 347 709 sint.

127 721 147 740 ³⁷)
160 719 286 736 Puleen-imum
302 725 317 736 v.
330 718 363 736 764
378 719 465 741 expunxit
477 719 555 740 Lobeck;
573 718 604 735 sed
617 719 659 735 talia

71 747 94 763 ab
112 746 238 768 interpolatore
252 746 318 763 inserta
330 751 368 763 esse
380 746 419 768 quis
432 748 459 763 est
471 746 501 768 qui
513 746 582 762 credat?
604 745 659 762 immo

70 776 113 795 post
125 779 141 790 v.
153 772 186 790 763
198 778 254 790 unum
262 773 337 794 Adrasti·
346 778 416 790 versum
429 773 539 790 intercidisse
551 778 612 789 omnes
623 772 658 789 (ere

71 806 89 817 vi
101 800 118 817 d.
136 802 184 817 recte
201 802 287 821 statuunt,
305 805 345 816 cum
363 805 420 822 neque
437 799 489 822 φαίης
506 796 526 816 ἓν
538 799 607 820 habeat,
623 804 659 821 qun

71 827 165 849 pertineat,
181 832 238 848 neque
254 832 289 849 quo
303 826 377 843 consilio
389 826 483 848 Euripides
498 826 532 843 huc
545 826 584 843 loco
595 825 659 842 sticho-

71 853 160 875 mythiam
171 853 291 875 interruperit,
302 853 375 870 omuino
386 853 442 875 possit
454 853 539 875 intellegi.

127 880 149 902 38)
161 880 203 897 Post
224 886 241 897 v.
261 879 293 896 651
313 880 407 897 Kirchhofl
426 883 444 897 et
463 880 508 897 Weil
531 885 601 896 summo
620 879 659 896 iure

70 907 154 924 lacunam
166 906 294 928 indicaverunt,
306 912 347 924 cnm
359 912 390 924 eur
398 906 492 929 Euripides
504 906 537 923 hoe
549 906 588 923 loeo
595 906 659 923 sticho-

71 934 152 955 mythiae
175 934 313 956 perpetuitatem
336 934 450 956 interruperit
472 935 550 955 nequeat
572 933 659 954 intellegi.

71 960 141 978 aceedit
158 960 205 983 qnod
222 966 239 977 v.
252 960 284 977 651
302 966 343 978 cum
360 966 412 977 versu
431 960 512 982 sequenti
526 959 611 981 coniungi
623 965 658 976 nou

71 990 138 1010 potest;
153 993 211 1010 neque
223 987 270 1004 enim
283 988 319 1005 ulla
330 988 417 1010 particula
430 993 440 1004 n
452 992 504 1004 versu
516 986 628 1004 antecedenti
640 986 658 1003 in

71 1020 143 1031 versum
156 1017 259 1037 sequentem
272 1014 353 1036 traducit,
367 1017 385 1031 et
397 1012 494 1037 ἐπήγγελλε
505 1013 583 1036 pessime
594 1013 659 1036 repetit

71 1041 115 1058 illud
133 1041 176 1064 λέγε.
199 1041 259 1063 itaque
277 1041 307 1064 qui
325 1041 391 1058 excidit
408 1046 470 1058 versus
487 1041 566 1058 ieiunam
581 1040 658 1062 aliquam

71 1068 163 1090 vilemque
180 1068 287 1086 sentenn‘am
305 1068 358 1085 debet
375 1067 534 1091 comprehendisse.
557 1067 591 1084 hoe
606 1067 659 1084 modo

71 1095 136 1112 melius
154 1095 198 1112 mihi
215 1095 286 1112 videtur
302 1095 351 1112 refici
367 1095 421 1116 locus,
439 1100 491 1117 quam
503 1094 518 1112 si
530 1094 659 1117 amplectamur

71 1122 132 1140 Weilii
151 1122 258 1144 opinionem,
278 1122 308 1144 qui
328 1128 344 1139 v.
362 1121 393 1139 651
413 1122 439 1139 sie
456 1122 530 1139 fortasse
546 1120 658 1138 scribendum
