838 1317
408 111 518 128 -26-

166 164 251 181 recitandi
264 167 324 181 autem
337 164 416 181 officium
429 170 439 181 a
451 167 489 181 toto
501 165 554 181 choro
566 165 588 181 ad
601 170 657 182 unuin
669 168 760 183 cantorem

168 191 274 208 translatum
287 194 320 212 est,
334 196 386 213 quem
399 191 518 213 coryphaeum
530 191 590 208 vocari
603 194 665 208 notum
680 194 712 208 est.
735 192 760 209 ita

167 218 185 234 in
194 218 320 235 vetustissimis
329 218 432 239 Aeschyleis
441 218 542 239 tragoediis,
554 218 572 234 in
581 218 645 240 quibus
653 218 759 241 plerumque

167 249 213 261 unus
234 247 282 261 actor
299 250 339 261 cum
358 244 412 261 choro
430 244 548 266 conloquitur.
566 245 624 261 adhuc
641 245 759 262 inveniuntur

166 271 229 288 rudera
247 270 311 294 ῥήσεων
328 271 430 293 coryphaei,
447 271 476 287 sed
495 274 567 293 propter
583 271 688 288 brevitatem
705 277 759 293 aegre

166 300 306 319 cognoscuntur,
328 298 378 314 velut
400 298 461 319 Suppl.
483 297 579 319 327-331,
602 299 647 314 Pers
665 297 760 315 173-175,

165 323 261 345 216—225,
279 324 327 346 Sept*
342 323 439 345 677—682;
455 324 526 346 saepius
541 327 636 341 occurrunt
649 324 667 341 in
683 325 759 342 Orestia-

166 351 271 373 plerumque
291 353 350 368 autern
371 356 432 367 earum
450 351 527 367 ambitus
544 351 580 367 iam
597 351 615 367 in
631 352 759 368 vetustissimis

167 377 264 399 tragoediis
276 378 321 394 adeo
333 377 399 394 recisus
411 380 443 398 est,
456 380 476 394 ut
489 380 578 394 ternorum
591 378 619 394 vel
631 380 759 399 quaternorum

168 409 252 421 versuum
264 409 358 421 numerum
371 404 446 421 vixdum
458 404 532 421 excedat
542 405 592 421 velut
600 404 655 426 Supp
664 404 759 426 246—248,

165 430 259 451 274-276,
272 430 387 447 1014v1017.
411 431 472 452 itaque
480 431 515 447 ian-1
525 431 571 452 apud
581 431 693 452 Aeschylum,
702 432 759 448 multo

166 460 226 474 autem
241 457 300 479 magis
314 457 361 479 apud
374 457 478 479 Euripidem
491 458 536 474 adeo
547 457 651 474 imminutas
663 463 701 474 esse
714 458 759 475 tales

165 484 260 505 coryphaei
272 487 332 506 partes
343 487 390 501 recte
399 484 500 501 observavit
508 484 626 501 Wilarnowitz
634 484 652 500 in
661 482 759 501 ‘Heracles’

165 511 188 531 11,
200 510 226 531 60,
239 513 259 527 ut
271 511 381 532 coryphaeus
392 511 436 527 nihil
448 511 496 527 dicat
508 511 541 527 uisi
553 511 582 527 vel
595 511 639 527 duos
648 511 675 527 vel
685 513 721 527 tres
730 511 759 528 vel

164 540 239 559 quatuor
251 543 317 558 versus,
330 543 350 554 eo
361 537 445 554 nimirum
457 537 535 558 consilio,
548 540 568 554 ut
575 537 650 559 longum
658 543 758 554 sermonem

166 563 229 580 actoris
241 564 313 580 claudat
325 567 362 584 aut,
376 569 416 580 cum
429 564 476 580 iuter
488 564 532 580 duas
544 564 608 585 longas
620 563 677 586 ῥήσεις
689 564 758 586 aliquot

164 596 226 607 versus
243 590 313 611 recitat,
331 590 413 607 idoneam
429 590 481 607 simul
493 590 598 607 varietatem
610 591 682 611 efficiat3
700 596 758 612 neque

165 620 224 633 tamen
248 622 328 638 unquam
348 617 376 638 iit,
399 619 419 633 ut
438 622 494 634 unum
515 619 585 634 tantum
604 622 675 634 versum
694 618 758 634 recitet

163 644 278 665 coryphaeus.
302 649 323 661 eo
337 644 396 665 magis
410 644 511 660 mirandum
524 646 557 664 est=
571 644 618 666 quod
631 643 726 665 Euripides
737 644 756 660 in

164 671 219 692 Supp.
231 670 327 691 263u285,
347 671 388 687 Her.
400 670 496 692 252-274,
512 670 576 687 Phoeu.
589 670 678 687 280v287
692 671 757 692 longas

164 697 264 719 coryphaeo
276 697 332 719 ῥήσεις
344 697 410 718 tribuit,
422 697 440 713 id
452 697 499 719 quod
512 702 552 713 eum
564 697 586 713 ad
594 697 757 714 vetustissimarum

166 724 298 745 tragoediarum
311 724 412 745 exemplum
425 724 487 740 fecisse
498 726 544 740 recte
552 726 630 740 statuere
639 724 681 740 mihi
691 724 756 740 videor⁴

166 751 196 767 sed
208 751 230 767 ab
243 750 276 767 hoc
288 750 334 767 inter
346 750 466 772 coryphaeum
479 753 496 767 et
505 753 594 767 auctorem
603 750 677 767 diverbii
686 756 757 772 genere,

164 777 211 799 quod
229 782 264 793 nou
283 780 319 793 tam
338 777 447 793 extrinsecus
464 777 567 798 tragoediae
583 777 662 793 nascenti
675 777 757 798 inlatum,

162 804 194 820 sed
213 809 235 820 ex
253 803 302 820 chori
319 806 337 820 et
353 803 417 820 actoris
433 803 556 820 coniunctione
568 806 632 825 sponte
643 806 756 825 procreatum

165 835 203 846 esse
216 835 283 850 censeo,
296 832 333 847 toto
345 830 394 847 caelo
406 830 461 847 distat
472 830 516 847 illud
529 830 603 847 divexbii
616 835 678 851 genus,
690 830 712 846 de
720 835 756 852 quo

164 856 182 873 iu
199 857 233 873 hac
249 856 370 878 disputatione
386 856 464 878 agimus,
485 857 616 878 stiehomythia.
639 856 683 873 haee
699 856 756 878 igitur

165 883 236 900 tertium
249 883 352 904 tragoediae
364 883 471 900 elementum
484 886 512 900 est
523 886 541 900 et
553 883 608 900 totius
620 883 670 905 quasi
679 883 756 899 aedificii

164 910 305 926 fundamentum>
328 912 382 931 atque
397 910 505 931 Aeschylum
522 910 623 931 ubicunque
637 909 656 926 in
667 909 756 931 prioribus

164 936 260 958 tragoediis
278 942 360 953 sermone
374 937 442 953 alterno
458 937 522 957 utitur,
539 936 635 958 diligenter
646 936 665 953 in
677 942 698 953 eo
710 941 757 953 eom-

163 964 246 985 ponendo
258 963 324 980 versari
337 967 390 985 atque
402 963 446 980 illud
456 963 548 980 intendere
561 965 581 980 ut
592 963 681 980 rarissime
691 962 757 980 sticho—

164 990 243 1011 mythiae
255 990 364 1011 perpetuitas
372 990 512 1012 interrumpatur
519 990 645 1007 intelleximus.
660 989 703 1011 quin
711 989 755 1007 dum

164 1017 240 1038 singulis
260 1016 313 1033 uuius
332 1022 418 1038 personae
438 1017 518 1033 versibus
537 1017 618 1038 singulos
635 1016 709 1033 alterius
726 1016 757 1033 ad-

164 1046 234 1060 nectere
251 1043 317 1064 studet,
333 1049 353 1060 eo
369 1043 477 1065 pertinaciae
491 1043 583 1065 processit,
601 1046 621 1059 ut
635 1043 702 1064 etipse
718 1043 755 1060 iam

164 1075 226 1087 versus
238 1070 308 1091 ineptos
319 1070 453 1090 intermisceret;
469 1075 505 1092 quo
516 1070 538 1086 de
549 1069 594 1086 vitio
606 1069 624 1086 in
637 1069 689 1086 tertia
700 1069 755 1086 huius

164 1096 245 1118 opusculi
264 1099 315 1118 parte
329 1097 429 1113 accuratius
443 1099 514 1113 aeturus
528 1101 575 1117 sum,
594 1096 625 1113 ubi
639 1098 699 1113 tamen
713 1101 755 1113 cum
