838 1317
417 102 528 124 —50-2

180 156 223 174 artis
240 156 318 179 vestigia
331 162 373 179 prae
385 162 404 174 se
416 157 461 174 ferre
473 162 525 178 quam
537 156 555 173 in
568 156 637 178 Oedipo
649 156 770 174 certissimum

178 185 210 200 est.
234 185 313 200 attamen
333 189 374 200 eum
391 183 454 200 harum
471 184 546 200 duorum
563 183 663 200 tabularum
682 183 770 205 ordinem,

178 215 231 232 quem
243 210 269 226 illi
282 216 298 227 v.
310 210 326 227 d.
339 212 417 227 statuere
429 210 503 231 malunt,
515 210 540 227 eis
552 215 598 232 quae
610 215 664 232 supra
672 210 694 227 de
703 210 770 227 sticho-

179 237 258 258 mythiae
270 237 398 259 compositione
409 237 546 259 disputavimus,
559 236 634 253 minime
645 237 769 254 commendari

179 264 256 286 adparet.
280 266 341 281 eontra
353 264 432 285 Aiacem,
450 269 502 286 quem
520 263 537 280 in
555 263 685 286 sntiquioribus
703 266 769 286 poetae

178 291 275 312 tragoediis
287 291 375 308 numerari
387 293 468 313 oportere
480 296 532 307 nemo
542 293 601 312 negat,
613 290 682 312 Oedipo
689 290 768 313 priorem

178 322 217 334 esse
234 323 274 334 cum
292 317 367 335 diverbii
385 317 513 340 compositione
530 317 619 339 probatur,
637 319 675 334 tum
693 317 709 334 si
721 323 769 334 com-

178 344 285 366 positionem
297 345 395 361 scaenicam
408 347 461 366 atque
473 344 542 361 dicendi
554 349 611 366 genus
622 344 732 366 respicimus,
744 345 768 361 od

178 371 267 388 Orestiam
281 371 361 393 proxime
375 371 458 388 accedere
471 377 500 388 me
511 371 572 388 docuit
583 371 654 388 Robert
678 371 740 393 itaque
751 371 768 388 si

179 397 268 420 Oedipum
292 398 345 415 Aiace
368 398 490 420 posteriorem,
513 398 604 419 Antigona
627 397 704 420 priorem
728 403 768 415 esse

178 424 278 447 opinamur,
294 424 391 447 Sophocles
408 424 427 441 in
439 424 531 446 Antigono
544 424 563 441 id
574 424 663 441 studuisse
675 425 768 446 putandus

178 454 211 472 est,
227 454 248 468 ut
263 451 399 473 stichomythias
415 457 502 473 omneque
516 451 616 468 diverbium
628 451 708 468 severius
720 457 768 468 com-

178 481 252 500 poneret
263 484 317 500 quam
326 480 344 495 et
351 478 370 495 in
378 478 466 500 prioribus
474 481 491 495 et
500 478 518 495 in
527 478 654 500 posterioribus
662 478 766 500 tragoediis.

178 508 216 522 tum
235 511 277 522 vero
294 505 390 527 primordia
407 505 445 522 eius
457 505 550 526 libertatis,
568 510 621 527 quam
633 505 668 521 iam
681 505 699 522 in
712 505 768 522 Aiace

177 532 253 554 sparsim
270 532 401 553 indngzvimus,
420 532 438 548 in
454 532 479 548 eis
493 531 557 548 fabulis
570 531 653 549 videntur
664 532 768 553 quaerenda

178 564 220 579 esse¹
232 564 283 580 quas,
297 559 353 575 donec
364 561 402 575 erat
414 559 520 579 adolescens,
533 563 575 575 sane
587 558 652 575 multas
665 558 768 580 composuit

177 586 281 607 Sophocles,
304 586 334 602 sed
358 591 403 608 quae
422 585 535 607 iniquissimo
554 590 597 602 casu
616 585 728 602 interierunt.
756 591 767 602 e

178 612 284 634 fragmentis
295 615 342 629 certe
355 612 398 629 nihi]
410 612 432 629 de
444 613 478 629 hac
490 612 593 634 quaestione
604 612 692 629 enucleari
701 614 766 634 potest.

179 641 198 656 at
209 639 267 656 hercle
279 639 368 661 quomodo
379 639 424 656 haec
435 645 463 656 res
471 644 510 656 sese
518 639 588 660 habeat,
600 638 658 656 adhue
666 639 699 655 sub
707 639 767 655 iudice

178 666 200 683 lis
212 669 242 683 est

232 693 253 715 ²³)
273 693 342 710 Deinde
367 693 431 710 iterum
455 693 521 710 turbari
544 692 615 710 videtur
638 693 766 714 stiehomythia

178 726 194 737 v.
208 719 249 737 1251
262 725 293 742 sq.,
305 720 335 742 qui
347 720 461 742 Neoptolemi
473 722 520 737 sunt.
543 720 574 736 sed
586 720 688 742 quicunque
698 719 767 742 Sopho-

178 747 235 764 cleum
254 752 321 763 morem
339 752 374 763 non
390 747 466 768 ignorat,
483 746 521 763 fieri
534 752 569 763 non
581 747 660 768 potuisse
672 746 767 768 intellegit,

178 775 199 790 ut
225 773 260 790 hae
287 773 305 790 in
332 773 470 790 concitatissimo
498 773 612 790 altercatione
637 776 690 795 poeta
715 773 767 790 alteri

179 805 265 822 personae
273 800 317 817 duos
326 800 419 817 continuos
427 805 489 817 versus
498 800 586 817 tribueret.
606 802 697 822 praeterea
705 802 766 817 autem

177 832 200 844 ex
217 832 243 848 eo,
261 827 307 849 quod
324 833 340 844 v.
357 826 401 843 1253
418 824 454 844 ἀλλ’
466 824 504 844 οὗδέ
516 827 567 843 initio
579 832 641 843 versus
653 827 765 843 conlocatum

177 856 208 875 est,
220 853 238 870 in
250 859 303 875 versu
315 853 427 870 antecedenti
435 854 509 870 alteram
518 859 611 875 personam
620 853 670 870 alteri
679 853 766 870 minatam

178 886 217 897 esse
242 880 383 897 concludendum
409 883 440 897 est.
467 880 528 902 itaque
550 880 618 902 optimo
641 880 679 897 iure
701 880 767 897 lacuna

177 907 266 924 statuitur.

231 935 314 954 ²⁴)1uter
331 940 347 951 v.
365 933 409 951 1408
427 937 445 951 et
462 940 479 951 v.
497 933 541 951 1404
555 933 673 951 Wilamowitz
689 939 729 951 curn
747 934 766 950 in

177 959 274 978 ‘Heredes'
294 962 321 978 11²
344 966 399 978 unum
417 961 484 978 Thesei
507 966 578 978 versum
597 960 708 977 inseruisset:
728 958 766 977 ἄλλ’

178 985 271 1010 εὕτυχήιιεις
285 986 383 1009 μεταλαβὼν
399 988 444 1009 ἐμῶν
457 988 518 1009 καλῶν,
536 993 584 1004 nune
595 990 664 1004 mutata
676 987 766 1004 sententia

177 1015 303 1036 pulcerrimum
315 1017 378 1037 poetae
390 1015 449 1031 locum
461 1015 533 1037 reliquit
544 1015 640 1036 integrum.

232 1042 253 1063 25)
266 1042 345 1058 Badham
358 1041 422 1063 aliique
435 1047 451 1058 v.
464 1040 486 1058 70
497 1041 607 1062 deleverunt,
619 1043 637 1058 et
649 1041 691 1063 quia
702 1046 719 1058 v.
732 1040 766 1057 102

177 1068 240 1085 similis
253 1071 280 1085 est
292 1071 310 1085 et
322 1068 363 1090 quia
375 1068 520 1090 stichomythiam
533 1068 597 1085 turbat.
620 1068 650 1084 sed
659 1070 680 1084 ut
688 1067 765 1089 priorem

177 1101 249 1112 causam
261 1101 325 1112 vanarn
339 1101 377 1112 esse
389 1096 439 1116 duco,
451 1100 491 1112 euru
499 1095 528 1112 hic
537 1100 598 1112 versus
607 1100 629 1111 ne
637 1094 684 1111 oleat
692 1094 766 1116 quidem
