838 1317
323 117 422 133 -9-

77 177 172 188 accensum
190 171 211 187 iri
228 176 279 192 spero
291 170 412 191 clarissimam,
430 176 470 187 cum
483 170 588 192 perscrutati
601 170 667 187 erimus

76 198 125 220 ipsas
145 197 245 219 tragoedias
265 197 401 219 comoediasque
423 203 467 219 quas
488 197 583 218 habemus,
602 197 667 219 quibus

77 225 192 245 delectamur;
212 224 234 241 ab
254 224 279 241 eis
299 224 405 241 ordiundum
426 226 456 241 est,
476 224 507 240 sed
526 224 544 240 iu
564 224 613 241 omni
633 224 668 240 ἀίει

77 251 170 273 putatione
188 256 227 267 mea
245 251 311 272 duplici
328 251 426 272 indagandi
441 251 510 267 ratione
524 251 610 268 utendum
623 250 667 267 mihi

77 283 116 295 esse
132 278 198 295 censui.
214 277 291 299 primum
307 278 376 294 ratione
393 278 469 299 quadam
488 278 582 299 analytica,
600 280 620 294 ut
633 278 668 294 hoc

77 305 151 321 verbum
164 310 174 321 a
186 304 297 326 philosophis
309 307 385 325 mutuer,
397 304 482 326 quidquid
491 305 513 321 ad
522 304 667 326 cognoscendum

76 331 214 353 stichomythiae
231 337 283 348 usum
302 331 345 348 mihi
363 332 434 349 videtur
452 331 564 354 aptissimum
582 337 627 352 esse,
644 337 667 348 ex

76 358 120 380 ipsis
131 358 196 375 fabulis
206 364 267 375 eruam
276 364 297 375 ac
304 358 397 379 conferam,
410 358 473 375 deinde
481 358 582 380 synthetica
590 358 667 380 quadam

77 385 150 406 ratione,
168 391 284 407 quaecunque
302 391 324 402 ex
340 385 371 402 illo
389 390 423 402 usu
439 388 514 407 possunt
529 385 601 406 conligi,
620 390 667 402 com-

76 417 142 434 ponam
158 414 211 433 atque
229 414 315 429 extruam.
333 412 351 428 in
369 414 446 434 quatuor
463 412 519 433 igitur
535 415 595 434 partes
610 414 666 428 totam

76 438 215 460 disputationem
230 444 301 455 necesse
319 441 346 455 est
363 439 425 455 dividi.
442 444 517 461 quatum
534 439 552 455 in
571 439 628 460 prima
644 439 667 455 de

76 465 214 486 sticliomythiae
224 465 280 482 forma
289 468 307 482 et
315 465 443 487 compositione
451 466 541 487 disseram,
550 468 570 482 ut
578 465 667 487 quomodo

76 492 110 508 hae
122 492 140 508 in
152 497 171 508 re
183 494 276 513 poetarum
288 492 425 509 consuetudines
437 492 483 509 inter
495 498 514 509 se
522 492 610 513 differant,
623 492 666 509 satis

76 518 173 535 dilucidum
186 518 222 539 flat,
240 519 257 535 in
271 519 326 535 altera
338 519 387 535 varia
399 519 536 540 stichomythiae
548 525 614 540 genera
626 524 667 535 exa-

76 545 153 566 minabo,
170 545 188 561 iu
207 545 259 562 tertia
276 545 299 562 de
316 545 454 567 stichomythiae
471 551 551 562 sermone
569 551 630 568 again,
647 546 666 562 in

77 574 139 593 quarta
147 572 228 594 denique,
236 577 281 593 quae
289 572 330 589 iude
338 572 418 589 concludi
425 572 494 594 possint
500 572 522 589 de
528 572 666 595 stinhomythiae

76 601 140 615 natura
158 601 211 620 atque
229 601 273 619 ortu,
291 604 384 620 exponam.
405 599 439 615 hac
455 602 515 616 autem
533 599 562 616 via
580 603 598 616 et
612 605 665 621 quam

76 625 151 641 formam
169 625 251 647 primitus
269 625 351 642 habuerit
368 625 467 642 diverbium
484 628 502 642 et
521 631 556 648 quo
576 626 628 643 modo
647 627 666 643 in

76 652 145 668 fabulas
151 654 242 674 receptum
248 652 271 669 sit
280 652 331 669 facile
337 655 459 674 cognoscetun
468 655 558 675 praeterea
565 659 600 670 non
609 659 666 675 pauca

76 678 193 700 invenientur,
206 684 251 701 quae
263 679 285 695 ad
298 681 400 696 contextum
413 679 542 696 restituendum
554 680 619 697 idonea
627 685 666 697 esse

76 705 176 722 videantur,
194 705 241 727 quod
255 711 298 722 vero
314 706 336 722 ad
353 706 432 723 citandos
444 706 555 728 singulorum
573 710 665 728 poetarum

76 737 138 748 versus
156 732 229 753 adtinet,
246 732 339 749 decantata
357 733 429 754 querela
446 733 475 749 vel
493 733 576 750 hocloco
588 736 666 754 resonat3

76 758 101 775 ita
113 758 131 775 in
144 759 266 780 significandis
278 764 362 776 versuum
375 759 453 776 numeris
465 760 565 781 discrepant
573 760 665 777 editiones.

76 785 184 806 Aeschylum
196 785 252 807 igitur
264 786 362 803 seeundum
373 786 436 807 Weilii,
448 787 553 808 Sophoclem
566 787 665 804 secundum

76 812 158 833 Nauckii,
176 812 280 834 Euripidem
292 813 389 829 secundum
402 813 514 834 Kirchhoifii,
526 814 664 835 Aristophanem

76 839 173 855 seeundum
192 839 264 860 Bergkii
282 839 369 856 editiones
384 840 442 856 citabo
460 840 559 861 horumque
577 840 664 857 editorum

76 865 168 886 lectiones,
187 865 222 882 nisi
242 866 272 882 ubi
294 866 401 883 correctione
421 872 466 888 opus
486 867 525 888 erit,
544 870 598 889 prout
617 867 665 887 libet,

76 892 180 909 adscribam.

104 985 125 1012 a)
140 985 171 1006 De
185 986 345 1013 stichomythiae
358 986 425 1007 forma
440 987 460 1007 et
474 987 633 1013 compositione,

129 1027 143 1043 I.
167 1026 279 1043 Ordiuudum
288 1032 327 1043 esse
334 1027 378 1043 mihi
387 1027 457 1044 videtur
465 1033 475 1043 a
483 1027 594 1049 longioribus
601 1028 665 1044 sticho-

75 1053 153 1074 mythiisy
172 1058 217 1075 quae
233 1059 269 1070 uua
286 1054 405 1075 perpetuitate
419 1054 441 1070 ad
460 1054 514 1070 finem
528 1054 628 1075 decurrunt,
646 1056 664 1071 et

74 1079 152 1101 primum
165 1080 236 1101 quidem
249 1085 321 1097 neeesse
332 1083 360 1097 est
371 1086 460 1102 quaerere,
472 1081 560 1102 quomodo
572 1086 603 1098 eae
611 1081 665 1097 intro-

74 1106 168 1124 ducantur.
186 1106 252 1123 etenim
269 1109 290 1124 ut
303 1107 394 1124 architecti
411 1107 498 1124 columnis
513 1107 575 1124 ionicis
589 1107 665 1124 subdere
