838 1317
314 127 426 145 -37-

75 181 189 203 prehendens
199 181 224 198 ita
233 181 298 198 reddit:
309 179 355 198 ‘uter
363 184 441 199 vestrum
451 182 518 204 [nuper]
527 182 556 198 hic
563 182 665 199 nominatus

78 208 155 229 Pylades
172 206 251 225 vocatur'
263 209 290 229 (ci.
302 214 331 225 vv.
345 208 385 230 249,
402 208 442 230 285,
460 208 505 230 321).
528 209 589 231 itaque
601 211 666 226 utram-

76 240 147 257 cunque
161 235 296 257 explicationem
312 235 400 257 praeferre
411 235 461 256 velis,
478 235 552 253 Useneri
565 235 613 252 illam
626 241 665 252 eon-

75 261 162 279 iecturam
175 262 283 284 superfluam
296 267 334 279 esse
346 262 457 284 intellegitur
468 262 543 284 ideoque
555 263 622 279 falsam.

132 290 144 309 Ι)
157 289 181 305 Hi
190 294 252 306 versus
259 289 295 306 huc
302 289 363 306 referri
371 291 450 311 possunt,
458 289 500 311 quia
506 295 521 306 v.
528 288 572 305 1024
579 289 665 306 delendus

75 318 104 333 est
116 318 161 332 teste
173 315 275 333 scholiasta:
287 315 344 333 hina
354 314 374 333 τὸ
387 316 412 333 δεῖ
423 316 485 339 φέρειν,
497 316 541 336 τινὲς
548 316 567 333 δὲ
575 315 665 339 γράφουσιν

75 341 134 364 οἰκτρὰ
146 343 181 364 μὲν,
194 340 230 359 ἀλλ’
242 340 288 364 ὅμως
300 343 345 366 φέρε.

131 371 143 390 ⁵)
155 370 176 386 In
194 369 222 386 his
235 372 311 391 quatuor
330 369 409 386 versibus
426 375 454 386 res
471 370 546 387 fortasse
562 370 614 387 aliter
625 375 664 387 sese

76 396 136 417 habet,
154 396 195 418 quia
213 402 279 417 versus,
293 397 323 418 qui
335 396 353 413 iu
366 396 510 418 stiehomythiam
523 397 642 417 introducunt,
654 403 665 414 a

76 423 177 445 coryphaeo
189 423 293 443 recitantur;
305 429 340 445 qua
351 423 373 440 de
384 429 402 440 re
412 423 458 440 intra
469 423 513 440 mihi
522 423 555 440 erit
563 423 664 440 dicendum*

132 450 146 472 ⁵)
158 451 224 467 Vereor
236 453 296 467 tamen
308 456 331 467 ne
342 450 361 467 hi
369 455 431 467 versus
440 450 475 467 huc
483 456 518 467 uou
528 450 565 467 sint
573 450 664 468 referendi.

75 477 107 493 sed
125 477 228 499 priusquam
247 482 334 499 exponam
353 482 387 499 qua
404 477 427 494 de
444 482 497 494 causa
515 483 531 494 v.
544 476 631 494 959—961
646 477 665 494 iu

77 506 181 526 sequentem
200 504 345 525 sn‘chomytln'am
359 504 451 521 traducere
465 509 500 520 non
515 504 594 525 arbitrer,
611 504 665 526 paulo

77 530 191 552 explanatius
209 530 231 547 de
248 533 286 547 toto
298 530 332 547 hoc
346 531 384 547 loco
398 531 493 547 dicendum
508 533 539 552 est,
557 530 622 553 quippe
634 531 664 553 qui

76 557 173 574 nonnullos
182 557 229 574 viros
237 557 298 574 doctos
306 557 358 574 valde
366 557 464 574 offenderit
481 563 521 574 nam
531 558 568 574 cod.
577 557 596 579 C,
603 557 622 574 in
630 563 665 579 quo

76 589 113 601 uno
131 584 203 602 Electra
221 584 312 606 tragoedia
330 584 395 601 tradita
412 587 443 605 est,
462 590 478 601 v.
497 583 584 601 959—961
603 584 665 601 tribuit

76 611 156 632 Orestae,
165 610 253 627 962-965
260 611 341 628 Electrae
349 613 368 627 et
374 611 448 628 Orestae
454 611 535 628 invicem.
552 611 616 628 Nauck
622 616 665 628 vero

75 644 94 654 v.
106 636 194 654 959—961
210 637 291 655 Electrae
306 637 398 654 vindicans
412 644 429 655 v.
441 637 478 659 962,
492 637 529 659 964,
543 637 576 654 966
590 638 665 654 Orestae

76 665 112 686 dat,
124 667 165 687 post
176 671 193 682 v.
202 663 234 681 966
246 670 301 681 unum
314 665 395 682 Electrae
407 670 478 682 versum
490 664 599 682 intercidisse
611 667 665 686 ratus,

76 692 148 713 qualern
166 697 212 712 vero,
229 697 264 708 nou
279 691 326 708 dicit„
349 691 409 714 itaque
427 692 544 709 Wilamowitz
562 691 664 708 Nauekium

76 718 186 740 impugnans
203 718 221 735 in
233 716 329 735 ‘Analectis
342 716 449 740 Euripideis'
460 724 476 740 p.
488 718 510 735 68
529 718 579 735 illum
592 718 664 740 quidem

76 748 124 762 recte
135 745 179 762 dicit
190 745 272 763 Electrae
284 745 383 762 vindicasse
395 751 412 763 v.
425 744 517 766 959—961,
532 745 563 762 sed
575 744 663 762 962—965

77 772 129 789 aliter
146 772 192 789 iuter
208 777 293 794 personas
313 777 351 789 esse
368 772 504 789 distribuendos.
522 772 599 794 primum
616 772 664 789 euim

76 805 94 816 v.
113 798 146 816 964
163 799 197 815 nisi
215 799 233 815 in
251 804 282 816 ore
299 799 380 816 Electrae
397 805 433 816 non
451 804 502 821 posse
519 799 605 821 intellegi,
623 799 664 821 quia

77 825 149 843 Electra
161 826 230 843 noverit
237 828 317 847 matrem,
329 826 401 843 Orestes
409 831 445 843 non
454 825 530 847 noverit;
541 826 602 847 itaque
611 825 664 842 etiam

76 858 94 869 v.
112 851 145 869 962
162 852 243 870 Electme
261 858 300 869 esse
317 853 388 874 debere,
407 853 460 875 idque
478 858 518 869 cum
536 852 601 869 codicis
617 852 664 869 notis

76 884 192 901 personarum
204 880 256 901 plane
265 885 367 901 congruere.
390 885 452 896 verum
465 885 487 897 ne
495 885 511 897 v.
520 879 552 896 965
560 879 631 901 quidem
639 879 665 896 in-

78 906 139 928 tellegi
156 911 208 928 posse
224 908 276 928 putat
293 912 310 923 v.
324 906 340 923 cl⁴
355 906 390 923 uisi
404 906 422 923 iu
437 912 467 923 ore
481 906 567 924 Electrae,
585 906 631 928 quod
644 911 664 923 ea

77 932 151 949 omuino
163 933 181 949 iu
193 933 227 950 hac
238 933 298 950 fabula
306 933 388 950 Orestam
397 933 418 949 ad
427 938 488 949 necem
496 933 580 955 impellat,
592 933 664 949 Orestes

77 965 120 976 vero
132 962 207 976 matrem
219 965 282 976 necare
293 959 367 977 dubitet*
389 965 432 981 ergo
444 965 461 977 v.
470 958 502 976 965
514 961 532 976 et
539 965 556 976 v,
565 958 597 976 966
606 959 664 976 locum

78 988 147 1003 mutare
159 986 227 1008 debere,
238 987 320 1004 lacunam
329 992 371 1004 vero
378 986 412 1003 hoe
421 986 491 1009 quidem
499 987 538 1003 loco
546 991 584 1003 esse
592 986 664 1007 nullam,

76 1013 108 1030 sed
116 1015 157 1035 post
167 1019 184 1030 v.
192 1012 223 1030 961
234 1019 289 1030 unum
298 1014 326 1030 vel
335 1014 395 1035 plures
401 1014 475 1030 Orestae
481 1018 543 1031 versus
549 1013 663 1030 intercidisse.

76 1040 105 1057 cui
119 1040 198 1062 opinioni
216 1046 256 1057 cum
274 1040 293 1057 in
305 1040 408 1057 universum
423 1040 516 1061 adsentiar,
534 1042 591 1057 totam
604 1042 663 1057 tamen

76 1072 112 1083 non
125 1072 176 1089 posse
188 1067 259 1089 probati
268 1067 336 1084 Robert
347 1073 375 1084 me
387 1067 452 1084 docuit.
465 1072 541 1089 namque
550 1073 567 1084 v.
575 1066 662 1083 959—961

76 1093 155 1110 codicem
167 1094 224 1111 secuti
236 1094 310 1111 Orestae
323 1094 399 1111 tribuere
410 1094 502 1114 debemus;
514 1093 543 1110 ille
555 1093 602 1110 euim
611 1093 665 1110 habet

75 1125 143 1142 servos,
160 1121 191 1143 qui
203 1120 310 1143 Aegisthum
327 1120 404 1138 occisum
418 1120 441 1137 de
457 1125 520 1137 scaena
536 1125 627 1137 removere
638 1120 664 1137 iu-
