838 1317
417 109 528 126 -12—

179 168 262 180 versuum
274 162 337 179 seriem
350 162 489 184 comprehendit
503 162 549 179 haue
561 165 621 180 autem
634 163 767 180 altercationem

178 189 315 210 stichomythioa
331 189 387 205 forma
401 189 530 211 composuisset
543 192 604 211 poeta,
621 189 656 206 nisi
670 190 768 211 Vulcanus,

177 217 220 233 dum
232 216 308 232 ferocem
316 215 382 232 Titana
394 221 437 232 saxo
449 216 513 237 iniigit,
525 216 585 233 labore
593 216 713 238 impediretur,
726 222 768 239 quo-

178 243 237 260 minus
251 243 302 259 binos
316 242 409 259 continuos
424 248 486 259 versus
498 243 584 260 recitaret.
609 244 694 265 Apertum
708 246 767 260 autem

178 272 205 287 est
220 270 253 286 hoe
267 269 339 286 schema
353 271 454 286 extructum
469 275 507 286 esse
519 269 537 285 in
549 269 587 286 basi
599 269 648 286 5—1.
660 270 766 291 persimilem

178 297 252 313 formam
265 296 370 312 haberemus
383 296 401 312 in
414 296 467 313 Eum.
479 295 573 317 117-128,
585 296 600 313 si
612 296 634 313 G.
643 297 767 313 Hermannum

177 328 296 345 sequeremur,
308 323 338 345 qui
349 323 423 339 chorum
432 323 552 340 Eumenidum
564 329 595 345 per
606 323 671 346 μνγμόν
683 326 701 340 et
711 321 767 346 ὤγμόν

178 350 259 372 singulos
277 352 324 366 totos
340 355 402 366 versus
419 350 490 371 explere
504 350 587 371 opinatus
602 352 633 367 est.
648 350 713 367 etenim
729 353 767 367 tum

177 377 207 394 hic
224 377 274 393 locus
290 376 315 393 ita
332 376 441 398 compositus
455 379 508 397 esset,
526 379 546 393 ut
561 377 625 393 chorus
640 377 691 398 gravi
705 382 767 394 somno

178 409 273 425 oppressus
285 406 379 425 postquam
392 409 402 419 a
414 403 543 424 Clytaemestra
554 403 602 420 binis
614 403 700 424 versibus,
711 406 732 420 ut
743 404 767 420 oi-

177 430 213 447 ficii
229 430 257 447 sui
274 436 296 447 ne
311 430 449 451 oblivisceretur,
461 430 563 447 stimulatus
576 432 609 451 est,
627 430 678 452 quasi
690 430 766 452 singulis

178 457 259 474 versibus
271 457 385 478 responderet
397 457 489 478 suspirans
502 462 615 479 gemensque.
628 457 661 473 etsi
670 463 712 474 vero
720 457 767 474 hanc

178 484 238 501 eximii
257 484 290 500 viri
307 484 408 505 opinionem
428 489 487 500 veram
504 489 541 500 esse
558 489 594 500 nou
608 484 689 505 arbitror,
707 486 766 501 tamen

177 511 240 528 miram
253 511 341 532 quandam
350 516 434 527 versuum
443 510 581 527 concinnitatem
590 516 600 527 a
608 513 661 532 poeta
669 511 766 533 adpetitam

178 543 216 554 esse
228 537 271 554 mihi
284 542 355 559 quoque
367 542 471 559 persuasum
483 539 515 554 est,
527 537 600 554 schema
612 540 671 554 autem
684 537 732 558 illud,
747 540 767 555 ut

177 564 255 586 primum
267 564 361 581 inventum
374 566 405 584 est,
417 569 428 580 a
435 564 524 585 Sophocle
535 564 606 586 saepius
615 567 719 586 usurpatum
728 570 767 581 esse

178 597 214 608 non
230 591 319 607 miramur,
336 590 366 612 qui
384 590 455 612 saepius
471 590 489 607 id
505 590 615 612 incipiendae
629 591 766 612 stichomythiae

177 618 275 640 praemisit:
296 618 317 634 O.
331 618 351 634 R.
364 617 390 639 99,
402 617 439 638 935,
451 617 502 638 1001,
516 618 543 635 Ei.
556 617 593 638 668,
606 618 627 634 O.
640 618 658 635 C,
670 617 708 639 465,
720 618 766 639 alibi,

178 645 208 662 ubi
220 645 295 661 alacrius
307 644 329 661 fit
340 644 459 666 conloquium,
473 647 530 661 totum
543 650 641 661 sermonem
654 650 675 661 eo
687 644 766 662 inclusit:

178 672 204 688 Αἰ.
212 670 301 688 791-802
309 671 372 693 (1-2),
381 671 410 689 Tr.
419 670 512 692 663—673,
524 670 617 692 738-748,
626 671 669 688 Phil.
678 670 729 688 317-
734 670 766 688 333

177 697 240 720 (2-3).
258 698 358 720 ubicunque
374 704 416 715 vero
431 704 452 715 eo
466 698 529 719 utitur,
545 704 581 715 non
595 701 661 715 temere
675 698 709 715 hoc
720 698 766 719 facit,

177 725 207 742 sed
226 725 248 741 ad
265 725 301 741 vim
317 725 416 741 scaenicam
431 725 537 746 augendam.
550 730 572 741 ne
584 725 678 746 Euripides
690 725 766 746 quidem,

177 757 230 773 quem
248 752 266 768 in
283 752 409 773 componendis
428 751 559 773 stichomythiis
576 751 709 768 severissimum
727 757 766 768 esse

178 784 311 800 cognoscemus,
328 779 374 795 hanc
385 778 460 795 formam
472 778 525 800 plane
536 778 610 800 respuit;
628 784 706 800 namque
718 781 736 795 et
747 778 765 794 in

179 805 243 822 Phoen.
256 804 289 822 596
301 808 319 822 et
331 805 349 822 in
358 805 420 822 Bacch.
433 804 470 826 463,
482 805 578 821 dummodo
590 807 637 821 recte
645 805 767 826 interpreteris

178 832 210 848 hos
227 832 282 850 locos,
300 832 437 853 stichornythiae
451 832 509 852 basin,
527 837 580 853 quam
595 831 641 852 dieo,
658 837 679 848 eo
691 831 743 848 modo
755 837 766 848 a

178 861 230 880 poeta
248 859 375 875 conformatam
394 864 432 875 esse
447 858 547 880 iuvenies&
564 861 584 875 ut
600 860 660 875 autem
677 858 766 880 genuinae

177 885 315 906 stichomythiae
331 885 436 907 plerumque
452 885 487 902 duo
503 890 565 902 versus
579 885 724 906 praemittuntur,
741 885 766 901 ita

177 917 213 929 uno
233 912 304 933 integro
321 918 374 929 versu
391 912 479 929 introduci
497 911 574 933 cognovi
592 911 679 928 antilabas
696 911 766 928 duobus

177 939 227 960 locis,
245 939 266 956 Ο,
280 939 301 956 R.
315 938 359 955 1516
377 941 395 955 et
407 939 473 955 Phoen.
487 938 537 959 12723
554 938 585 955 sed
600 938 622 955 de
635 938 719 955 antilabis
733 943 766 955 suo

177 966 216 982 loco
228 966 334 987 explicatius
347 965 379 982 erit
391 965 490 982 dicendum⁴
503 965 576 982 chorum
588 971 631 982 vero
643 965 676 982 nisi
685 965 710 981 eis
718 965 766 986 locis,

177 993 208 1009 ubi
220 992 258 1014 ipse
269 993 332 1009 alterni
345 993 431 1009 sermonis
440 992 527 1014 particeps
535 993 561 1014 fit,
573 998 609 1009 uon
617 992 691 1009 recitare
699 997 766 1013 versus,

177 1019 207 1041 qui
223 1019 368 1040 stichomythiam
385 1019 508 1036 succedentem
521 1020 614 1040 suscitent,
631 1019 662 1036 sed
674 1019 767 1041 aptissime

177 1046 282 1063 concludere
294 1046 353 1068 potius
365 1046 498 1063 antecedentem
511 1051 618 1067 sermonem,
633 1051 673 1063 cuin
686 1046 766 1062 omnium

177 1073 255 1090 locorum
270 1073 364 1090 sententiis
377 1073 462 1095 probatur
475 1075 512 1089 tum
525 1073 566 1089 inde
578 1072 698 1094 cognoscitur,
714 1072 767 1094 quod,

177 1105 217 1116 cuin
232 1102 309 1117 metrum
321 1105 343 1117 ex
355 1099 431 1117 iambico
443 1099 461 1116 iu
473 1100 583 1116 trochaicum
595 1102 681 1120 mutatur,
697 1099 767 1120 chorus,
