838 1317
83 175 103 186 se
122 169 217 192 impetrare
237 169 288 190 velit,
307 175 338 186 rex
358 175 394 186 non
413 172 472 191 potest
491 169 550 186 animo
569 169 671 191 praesagire

82 195 122 217 (754
134 196 171 218 sqr).
188 196 248 218 itaque
256 196 295 218 regi
303 196 321 213 in
330 196 392 213 falsam
401 196 502 218 opinionem
511 196 588 213 adducto
597 196 671 213 Hecuba

82 223 142 240 denuo
154 223 249 245 respondet
266 223 335 240 duobus
352 223 433 240 versibus
446 222 485 244 (756
498 224 529 244 sq.)
551 223 612 245 eisque
627 223 671 239 adeo

84 250 168 271 obscuris,
185 252 206 267 ut
223 255 253 266 rex
268 250 331 266 iterum
346 249 410 266 debeat
422 250 536 271 iuterrogaxe.
554 250 584 266 sed
598 255 621 266 ne
632 252 670 266 tum

83 276 161 299 quidem,
173 276 214 298 quid
227 276 275 297 velit,
290 276 333 293 satis
345 279 405 298 aperte
417 276 484 293 indicat
495 276 562 298 regina,
578 282 640 293 verum
652 282 670 293 re

83 303 122 325 ipsa
140 303 198 320 adhuc
215 303 272 320 celata
292 309 332 320 cum
350 308 393 320 voce
410 303 526 320 tremebunda
543 303 587 320 dicit
601 309 618 320 v.
632 302 670 320 759*

83 330 160 352 denique
173 330 215 347 inde
229 335 239 347 a
252 336 268 347 v.
281 329 314 347 760
325 330 373 352 regis
385 330 464 347 animum
477 335 498 347 eo
509 332 573 352 captat,
589 330 636 352 quod
649 330 671 347 de

83 357 114 378 eis,
131 362 177 379 quae
194 357 227 374 sibi
245 357 345 377 acciderint,
362 357 454 373 certiorem
468 362 509 373 eum
527 357 584 373 iacere
601 356 671 378 incipit;

83 386 137 406 atque
151 384 169 400 id
183 384 255 400 demum
267 389 308 400 eum
319 383 336 400 ei
347 383 437 403 successit,
453 383 495 400 inde
512 389 523 400 a
541 389 557 400 v.
569 382 602 400 787
616 383 670 405 longa

82 410 130 433 ῥήσει
149 413 189 427 orat
205 411 366 432 Agamemnonem,
384 413 404 427 ut
421 415 460 427 sese
477 410 534 432 ipsam
552 413 670 432 necatumque

83 437 140 454 filium
159 437 259 454 ulciscatur.
278 437 369 454 intellecta
386 437 443 459 igitur
460 437 586 459 psychologica
603 437 670 459 insigni

83 467 121 481 arte
138 464 175 481 tore
187 469 243 486 spero,
260 466 281 481 ut
298 464 317 481 hi
331 469 393 481 versus
406 464 484 486 amplius
498 469 533 480 non
547 463 669 481 sollicitentur.

83 491 175 508 schemata
188 493 248 508 autem
262 493 305 507 snut
316 491 367 510 haec3
381 490 397 508 1.
409 490 498 507 736—738
516 490 570 511 basis,
582 489 670 507 739—748

83 517 235 539 distichomythia3
243 517 259 534 2.
267 517 355 535 749-751
363 517 415 538 basis,
423 516 512 534 752—757
520 517 670 538 distichomythia,

83 544 112 561 cui
119 544 219 561 adnectitur
224 544 329 561 brevissima
336 544 463 566 stichomythia
470 543 565 565 768-759;
573 543 589 560 3.
595 543 628 560 760
634 549 669 565 sqq.

82 571 215 592 stichomythia.

137 598 150 620 ⁹)
162 598 223 620 Negat
235 598 303 614 Behrns
314 598 361 614 hanc
372 598 446 615 formam
458 598 480 615 ab
493 598 579 620 Euripide
591 603 669 619 unquam

83 625 182 642 adhibitam
208 630 251 642 esse.
281 624 342 646 itaque
366 624 443 646 primum
468 624 604 641 Phoenissarum
629 624 670 641 illus

83 657 145 669 versus
163 651 194 674 qui
205 657 287 674 pugnare
300 657 340 668 cum
353 651 386 668 hac
398 651 487 669 sententia
498 651 586 672 videntur,
603 651 629 668 ita
640 657 669 668 ex-

82 678 142 701 plicat,
159 681 179 695 ut
193 678 284 696 Eteoclen:
300 684 413 700 nequaquam
425 678 518 695 consilium
530 678 614 695 habuisse
630 684 670 695 con-

83 705 146 722 tendat
154 705 205 727 plura
213 710 254 722 cum
262 705 315 722 fratre
323 705 431 727 disputandi,
443 705 474 722 sed
483 711 523 722 cum
531 705 598 722 diceret
606 711 622 722 v.
630 704 670 722 598:

82 732 110 749 καὶ
130 731 150 749 m}
163 745 167 749 .
179 745 188 753 .,
208 732 244 749 iam
261 737 344 749 scaenam
363 732 466 749 relicturum
485 732 545 754 itaque
566 732 669 754 ampliorem

82 758 215 776 altercationem
228 759 348 781 praecisurum
360 758 420 775 fuisse.
439 758 469 775 sed
478 764 518 775 cum
527 758 565 780 ipse
575 758 604 775 hic
613 764 628 776 v.
637 758 670 775 593

82 785 258 802 vehementissimam
273 785 320 802 inter
330 786 385 802 (rates
397 785 529 802 altercationem
541 785 611 807 excitet,
629 791 669 802 eum

82 818 123 829 cum
140 812 286 829 antecedentibus
298 812 383 834 coniungi
395 818 432 829 non
443 818 494 834 posse
506 815 587 834 apertum
600 815 631 829 est.
648 822 669 824 —

82 839 131 856 haud
143 844 194 856 secus
206 839 322 861 intellegendi
334 842 376 856 sunt
385 839 448 856 Bacch.
461 845 477 856 v.
485 838 518 856 463
529 845 574 861 εᾳσμ
586 844 628 855 nam
636 839 670 856 hoc

81 866 126 886 loco,
138 865 169 882 ubi
177 866 266 882 Bacchum
275 871 305 887 per
314 868 369 883 totam
378 871 461 883 scaenam
468 871 548 882 summas
556 866 601 882 tueri
610 869 670 887 partes

82 895 100 909 et
112 892 198 909 arbitrum
210 892 269 914 potius
282 898 334 914 quam
346 898 396 909 reum
408 898 428 909 se
440 898 500 914 gerere
508 895 561 914 putat
571 898 587 909 v.
595 892 617 913 d.,
628 892 670 909 inde

82 924 92 935 a
103 925 120 936 v.
128 918 162 935 460
170 921 189 936 et
196 924 242 936 unus
251 919 324 936 Penthei
333 925 395 936 versus
403 919 540 940 stichomythiae
550 919 670 941 praemittitur

82 948 100 962 et
120 945 185 962 Bacchi
204 946 245 963 duo.
267 946 328 968 itaque
347 946 395 963 hunc
414 946 473 962 locum
490 946 538 962 haud
556 946 607 963 aliter
624 951 670 962 corn-

82 972 160 995 positum
178 978 217 990 esse
234 973 347 995 perspicuum
364 975 391 990 est
405 975 458 995 atque
471 973 512 990 Hel.
523 972 550 994 85,
567 978 620 995 quem
633 978 670 990 ver-

81 1005 121 1016 sum
134 1005 175 1016 cum
183 999 298 1021 sequentibus
306 1000 391 1022 coniungi
399 1002 480 1022 oportere
488 1002 627 1017 consentaneum
638 1002 669 1017 est.

138 1027 156 1047 ¹⁰)
169 1027 184 1043 A
201 1026 290 1049 plerisque
307 1026 326 1043 hi
345 1032 408 1044 versus
427 1027 478 1043 aliter
497 1027 542 1043 inter
562 1027 635 1044 chorum
652 1029 670 1044 et

82 1053 165 1070 nuntium
178 1053 312 1070 distribuuntur.
326 1059 383 1075 neque
395 1053 429 1070 hac
443 1054 481 1070 sola
492 1059 515 1070 ex
527 1059 580 1070 causa
591 1054 609 1070 in
622 1053 670 1070 hune

82 1080 141 1096 locum
154 1080 254 1097 accuratius
265 1080 390 1102 inquirendum
402 1083 434 1097 est.
454 1080 531 1102 primum
539 1083 600 1097 autem
608 1085 669 1097 versus

82 1106 232 1128 quemadmodum
244 1109 292 1124 reete
303 1107 399 1124 recensitos
410 1109 459 1129 puto,
471 1107 558 1124 adscribo:
