838 1317
320 116 429 133 —21—

78 171 144 188 etenim
161 176 201 188 cuni
217 170 265 192 apud
279 170 385 192 Sophoclem
402 171 484 187 omnibus
501 170 536 187 illis
552 170 595 187 locis
611 176 669 187 sermo

78 198 158 215 alternus
165 197 233 219 aliquot
239 197 320 214 versibus
326 197 465 219 interrumpatur
472 207 492 209 —
500 202 607 219 quamquam
614 197 668 214 etiam

79 225 107 241 his
119 224 162 241 locis
174 224 225 241 binas
236 224 372 245 stichomythias
384 224 521 246 distinguendas
531 229 570 241 esse
578 224 637 241 neseio
645 229 668 241 an

80 251 135 268 statui
144 251 200 273 possit
208 261 234 272 —,
243 251 338 273 Euripides
346 251 399 267 nimis
407 251 502 268 artificiose
511 256 547 267 rem
555 251 580 268 ita
587 250 668 272 instituit,

79 280 100 295 ut
116 283 152 295 una
166 278 263 299 eademque
278 277 404 299 stichomythia
418 278 492 299 longam
507 283 590 294 versuum
605 278 669 294 seriem

80 305 203 327 amplectatur.
220 307 288 321 restant
303 304 378 326 denique
395 304 463 326 aliquot
475 304 516 325 loci,
532 304 597 326 quibus
609 310 670 326 quam>

80 337 133 354 quam
152 334 187 348 tres
205 337 290 353 personae
308 332 409 353 loquuntur,
427 331 555 353 stichomythia
570 331 669 353 interrupta

80 364 116 375 non
124 361 157 375 est.
169 358 245 380 primum
258 358 305 375 enim
317 358 335 375 in
348 358 390 375 Eur.
403 358 455 375 Held.
468 357 501 375 665
513 358 611 375 Alcumena
623 361 669 380 post-

80 391 134 407 quam
151 385 234 402 nuntium
250 385 360 407 interrogare
374 385 438 407 eoepit,
456 385 497 401 ilico
508 385 597 407 loquentis
609 388 669 407 partes

79 412 168 434 relinquit,
177 417 234 434 neque
242 414 302 428 tamen
311 412 438 433 stichomythia
445 412 553 432 turbatura«)
565 412 628 428 deinde
634 412 670 428 huc

79 439 166 456 referendi
175 441 217 455 sunt
226 439 268 456 Her,
277 437 321 455 1403
330 444 372 460 sqq.,
382 439 409 456 El.
418 438 451 455 612
459 444 502 460 sqq„
511 438 577 455 Phoen.
585 437 617 455 596
625 444 669 460 sqq.,

80 466 109 482 Or⁴
123 465 165 482 1231
178 471 216 487 sqq.
228 465 271 487 (quo
283 466 304 482 de
316 466 355 482 loco
366 465 411 482 intra
424 465 491 487 agam);
506 465 537 482 sed
549 465 603 482 etiam
615 465 668 487 Soph.

82 492 109 510 El.
121 491 154 509 666
166 498 203 514 sqq⁴
216 492 251 509 huc
263 492 366 513 rettulerim,
379 492 408 508 ubi
417 492 488 509 Electra
500 492 522 508 ad
534 497 553 508 se
565 492 622 514 ipsam
630 497 670 508 con-

81 525 132 536 versa
145 519 172 535 bis
183 519 264 540 singulos
277 524 339 535 versus
351 519 418 536 recitat.

134 545 169 562 Sed
187 545 246 562 Aiacis
265 545 290 562 illi
310 551 379 566 versus,
398 551 409 562 a
428 545 493 567 quibus
512 545 585 567 profecti
604 551 670 566 sumus,

81 572 175 589 turbantur
189 572 242 589 etiam
258 578 275 589 v,
288 571 319 588 101
332 577 365 594 sqq
382 572 447 594 quibus
460 575 550 594 tamquam
563 578 633 589 summa
645 572 669 589 rei

81 599 186 620 continetur,
198 604 238 615 cum
251 599 332 616 Minerva
344 599 365 615 de
377 599 456 615 exercitu
467 599 569 621 Atridisque
581 599 670 616 sciscitata

82 626 153 643 Aiacem
168 626 274 647 interrogat,
288 626 372 648 quidnam
385 626 435 643 Ulixi
448 626 570 643 inimicissimo
582 626 669 643 acciderit*

82 653 116 670 hac
127 658 198 675 quoque
209 653 227 669 in
239 659 258 669 re
270 653 345 675 perspici
357 655 421 675 potest,
433 658 486 675 quam
499 653 569 670 diversa
577 653 670 675 Sophoclis

82 680 198 701 componendi
218 680 264 697 ratio
282 680 305 696 sit
322 680 344 696 ab
362 679 464 701 Euripide-‘213
483 685 546 702 nempe
564 680 613 696 illum
631 682 671 702 post

82 713 99 723 v.
111 706 143 723 101
156 706 253 728 quemlibet
261 706 320 723 Aiacis
332 712 408 728 versum,
420 707 494 723 tortasse
502 713 519 723 v.
527 706 564 727 103,
577 709 596 723 ut
608 707 672 723 sticho-

81 733 150 755 mythia
164 733 301 754 continuaretur,
318 733 427 750 inserturum
438 734 493 750 fuisse
509 733 595 755 spondere
607 733 669 750 ausim.

81 762 173 782 praeterea
181 760 234 777 etiam
243 766 265 777 ex
273 760 336 777 Traeh.
344 759 377 776 417
386 765 423 782 sqq.
432 760 546 782 intellegitur,
557 763 644 782 quantum
652 760 670 776 in

81 787 116 803 hae
130 792 148 803 re
163 787 254 808 utriusque
269 790 332 808 poetae
344 787 482 804 consuetudines
494 787 540 803 iuter
552 792 571 803 se
583 787 670 804 differant.

82 813 113 830 sed
126 814 154 830 vel
163 814 184 831 Ο,
193 814 213 830 R.
226 819 241 831 v.
255 813 297 830 1171
309 819 347 835 sqq.
359 814 394 830 huc
406 814 499 835 pertinent,
512 814 541 830 ubi
553 819 581 830 res
589 813 670 830 nuntiata

83 840 129 857 tanti
147 840 231 857 momenti
248 843 279 861 est,
297 843 317 857 ut
329 840 390 857 statim
402 841 498 857 succedant
510 840 605 861 antilabae5
623 840 670 857 idem

82 867 131 883 valet
149 867 170 883 de
182 867 210 885 El.
227 866 260 883 924
276 872 309 889 sq„
326 867 346 884 Ο.
364 867 381 884 C⁴
398 866 430 884 599
445 872 482 889 sqq.
506 867 583 889 denique
599 867 670 884 tertium

82 894 164 910 turbatae
187 894 324 915 stichomythiae
343 894 451 916 exemplum,
476 894 528 916 quale
546 899 604 916 neque
624 894 671 916 apud

82 920 190 942 Aeschylum
211 926 269 942 neque
287 921 333 942 apud
351 920 454 942 Euripidem
472 920 569 941 invenitur,
586 921 671 942 praebent

81 947 110 964 Αἰ,
121 953 137 964 ν.
147 946 178 963 106
186 952 216 969 δᾳ,
228 947 293 969 quibus
302 947 382 964 versibus
390 948 442 964 heros
450 953 520 964 omnem
529 947 574 964 iram
583 952 671 969 omneque

83 973 167 990 infestum
181 974 267 996 gaudium
279 976 361 995 ostentat,
374 979 414 991 cum
426 974 461 991 iam
474 974 556 991 manibus
564 979 603 991 sese
611 976 671 991 tenere

82 1001 185 1023 crudelique
199 1001 286 1023 supplicio
301 1001 376 1018 adiicere
388 1007 439 1023 posse
451 1001 533 1023 opinetur
545 1001 671 1018 adversarium.

82 1027 108 1044 ita
120 1027 180 1044 Aiacis
197 1033 255 1044 mores
273 1028 395 1045 efficacissime
412 1028 540 1050 exprimuntur.
558 1034 590 1045 uec
604 1028 672 1045 minore

82 1054 121 1071 iure
129 1054 227 1076 Sophocles
239 1055 308 1071 duobus
317 1055 397 1071 versibus
405 1055 519 1077 interrumpit
526 1054 670 1076 stichomythiam

82 1081 104 1097 O⁴
118 1082 139 1098 R.
158 1080 191 1098 934
202 1087 247 1103 sqq.‚
265 1087 329 1103 nempe
347 1087 367 1098 eo
385 1081 465 1101 consilio.
482 1084 502 1098 ut
520 1082 578 1098 nuntii
593 1081 672 1103 loquacis

82 1113 141 1125 mores
155 1108 246 1130 depingat.
269 1108 331 1125 eodem
346 1108 421 1125 artificio
432 1108 450 1124 in
463 1108 513 1125 initio
525 1108 614 1130 conloquii
626 1108 672 1125 inter
