<?xml version="1.0" encoding="UTF-8"?>
<!DOCTYPE html PUBLIC "-//W3C//DTD XHTML 1.0 Transitional//EN"
    "http://www.w3.org/TR/xhtml1/DTD/xhtml1-transitional.dtd">
<html xmlns="http://www.w3.org/1999/xhtml" xml:lang="en" lang="en">
 <head>
  <title>
</title>
<meta http-equiv="Content-Type" content="text/html;charset=utf-8" />
  <meta name='ocr-system' content='tesseract 3.04.00' />
  <meta name='ocr-capabilities' content='ocr_page ocr_carea ocr_par ocr_line ocrx_word'/>
</head>
<body>
  <div class='ocr_page' id='page_1' title='image "./destichomythiae00grosgoog_0018.png"; bbox 0 0 838 1317; ppageno 0'>
   <div class='ocr_carea' id='block_1_1' title="bbox 328 109 438 126">
    <p class='ocr_par' dir='ltr' id='par_1_1' title="bbox 328 109 438 126">
     <span class='ocr_line' id='line_1_1' title="bbox 328 109 438 126; baseline 0 -4"><span class='ocrx_word' id='word_1_1' title='bbox 328 109 438 126; x_wconf 78' lang='lat'>-19-</span> 
     </span>
    </p>
   </div>
   <div class='ocr_carea' id='block_1_2' title="bbox 88 163 680 1125">
    <p class='ocr_par' dir='ltr' id='par_1_2' title="bbox 88 163 680 582">
     <span class='ocr_line' id='line_1_2' title="bbox 88 163 679 185; baseline -0.003 -4"><span class='ocrx_word' id='word_1_2' title='bbox 88 164 180 185; x_wconf 75' lang='lat' dir='ltr'>Tiresiam,</span> <span class='ocrx_word' id='word_1_3' title='bbox 193 164 233 185; x_wconf 81' lang='lat' dir='ltr'>quia</span> <span class='ocrx_word' id='word_1_4' title='bbox 246 166 321 185; x_wconf 85' lang='lat' dir='ltr'>utroque</span> <span class='ocrx_word' id='word_1_5' title='bbox 333 164 372 180; x_wconf 85' lang='lat' dir='ltr'>loco</span> <span class='ocrx_word' id='word_1_6' title='bbox 384 163 453 180; x_wconf 81' lang='lat' dir='ltr'>dicendi</span> <span class='ocrx_word' id='word_1_7' title='bbox 465 163 539 180; x_wconf 78' lang='lat' dir='ltr'>materia</span> <span class='ocrx_word' id='word_1_8' title='bbox 551 165 636 180; x_wconf 79' lang='lat' dir='ltr'>mutatur.</span> <span class='ocrx_word' id='word_1_9' title='bbox 648 163 679 179; x_wconf 80' lang='lat' dir='ltr'>sed</span> 
     </span>
     <span class='ocr_line' id='line_1_3' title="bbox 88 190 679 212; baseline -0.003 -4"><span class='ocrx_word' id='word_1_10' title='bbox 88 194 106 208; x_wconf 88' lang='lat' dir='ltr'>et</span> <span class='ocrx_word' id='word_1_11' title='bbox 118 191 166 208; x_wconf 87' lang='lat' dir='ltr'>hunc</span> <span class='ocrx_word' id='word_1_12' title='bbox 175 191 256 207; x_wconf 79' lang='lat' dir='ltr'>Electrae</span> <span class='ocrx_word' id='word_1_13' title='bbox 268 190 327 207; x_wconf 79' lang='lat' dir='ltr'>locum</span> <span class='ocrx_word' id='word_1_14' title='bbox 338 193 356 207; x_wconf 85' lang='lat' dir='ltr'>et</span> <span class='ocrx_word' id='word_1_15' title='bbox 364 190 414 206; x_wconf 84' lang='lat' dir='ltr'>illurn</span> <span class='ocrx_word' id='word_1_16' title='bbox 424 190 559 206; x_wconf 73' lang='lat' dir='ltr'>Phoenissarum</span> <span class='ocrx_word' id='word_1_17' title='bbox 568 190 679 212; x_wconf 85' lang='lat' dir='ltr'>aliquantum</span> 
     </span>
     <span class='ocr_line' id='line_1_4' title="bbox 89 217 679 239; baseline -0.002 -5"><span class='ocrx_word' id='word_1_18' title='bbox 89 218 111 234; x_wconf 87' lang='lat' dir='ltr'>ab</span> <span class='ocrx_word' id='word_1_19' title='bbox 123 217 219 239; x_wconf 78' lang='lat' dir='ltr'>Euripidea</span> <span class='ocrx_word' id='word_1_20' title='bbox 238 217 366 234; x_wconf 82' lang='lat' dir='ltr'>consuetudine</span> <span class='ocrx_word' id='word_1_21' title='bbox 382 217 476 233; x_wconf 86' lang='lat' dir='ltr'>abhorrere</span> <span class='ocrx_word' id='word_1_22' title='bbox 492 219 510 233; x_wconf 87' lang='lat' dir='ltr'>et</span> <span class='ocrx_word' id='word_1_23' title='bbox 524 217 546 233; x_wconf 80' lang='lat' dir='ltr'>ad</span> <span class='ocrx_word' id='word_1_24' title='bbox 561 217 679 239; x_wconf 84' lang='lat' dir='ltr'>Sophocleum</span> 
     </span>
     <span class='ocr_line' id='line_1_5' title="bbox 88 244 679 266; baseline -0.002 -5"><span class='ocrx_word' id='word_1_25' title='bbox 88 250 155 261; x_wconf 86' lang='lat' dir='ltr'>morem</span> <span class='ocrx_word' id='word_1_26' title='bbox 181 244 253 266; x_wconf 83' lang='lat' dir='ltr'>propius</span> <span class='ocrx_word' id='word_1_27' title='bbox 273 244 356 260; x_wconf 78' lang='lat' dir='ltr'>accedere</span> <span class='ocrx_word' id='word_1_28' title='bbox 375 246 456 265; x_wconf 82' lang='lat' dir='ltr'>apertum</span> <span class='ocrx_word' id='word_1_29' title='bbox 476 246 508 264; x_wconf 86' lang='lat' dir='ltr'>est;</span> <span class='ocrx_word' id='word_1_30' title='bbox 529 244 612 261; x_wconf 72' lang='lat' dir='ltr'><strong>facillime</strong></span> <span class='ocrx_word' id='word_1_31' title='bbox 632 244 679 260; x_wconf 88' lang='lat' dir='ltr'>enim</span> 
     </span>
     <span class='ocr_line' id='line_1_6' title="bbox 89 270 679 293; baseline 0 -6"><span class='ocrx_word' id='word_1_32' title='bbox 89 271 183 293; x_wconf 81' lang='lat' dir='ltr'>utrobique</span> <span class='ocrx_word' id='word_1_33' title='bbox 195 270 339 292; x_wconf 75' lang='lat' dir='ltr'>stichomythiam</span> <span class='ocrx_word' id='word_1_34' title='bbox 352 270 440 292; x_wconf 86' lang='lat' dir='ltr'>potuisset</span> <span class='ocrx_word' id='word_1_35' title='bbox 451 270 560 287; x_wconf 62' lang='lat' dir='ltr'>continuare⁴</span> <span class='ocrx_word' id='word_1_36' title='bbox 573 271 649 292; x_wconf 86' lang='lat' dir='ltr'>denique</span> <span class='ocrx_word' id='word_1_37' title='bbox 661 271 679 287; x_wconf 92' lang='lat' dir='ltr'>in</span> 
     </span>
     <span class='ocr_line' id='line_1_7' title="bbox 90 297 679 319; baseline 0 -5"><span class='ocrx_word' id='word_1_38' title='bbox 90 298 142 315; x_wconf 83' lang='lat' dir='ltr'>Hcld.</span> <span class='ocrx_word' id='word_1_39' title='bbox 163 297 196 314; x_wconf 83' lang='lat'>677</span> <span class='ocrx_word' id='word_1_40' title='bbox 217 297 293 319; x_wconf 76' lang='lat' dir='ltr'>priorem</span> <span class='ocrx_word' id='word_1_41' title='bbox 313 303 412 314; x_wconf 84' lang='lat' dir='ltr'>sermonem</span> <span class='ocrx_word' id='word_1_42' title='bbox 432 297 527 318; x_wconf 79' lang='lat' dir='ltr'>alternum,</span> <span class='ocrx_word' id='word_1_43' title='bbox 550 298 580 319; x_wconf 91' lang='lat' dir='ltr'>qui</span> <span class='ocrx_word' id='word_1_44' title='bbox 600 300 638 314; x_wconf 83' lang='lat' dir='ltr'>erat</span> <span class='ocrx_word' id='word_1_45' title='bbox 657 298 679 314; x_wconf 87' lang='lat' dir='ltr'>de</span> 
     </span>
     <span class='ocr_line' id='line_1_8' title="bbox 90 324 679 346; baseline 0 -5"><span class='ocrx_word' id='word_1_46' title='bbox 90 325 178 341; x_wconf 67' lang='lat' dir='ltr'>exercitus</span> <span class='ocrx_word' id='word_1_47' title='bbox 196 324 313 346; x_wconf 84' lang='lat' dir='ltr'>amplitudine</span> <span class='ocrx_word' id='word_1_48' title='bbox 331 327 349 341; x_wconf 89' lang='lat' dir='ltr'>et</span> <span class='ocrx_word' id='word_1_49' title='bbox 360 324 382 341; x_wconf 91' lang='lat' dir='ltr'>de</span> <span class='ocrx_word' id='word_1_50' title='bbox 394 324 432 341; x_wconf 72' lang='lat' dir='ltr'>acie</span> <span class='ocrx_word' id='word_1_51' title='bbox 444 325 537 345; x_wconf 72' lang='lat' dir='ltr'>instructa,</span> <span class='ocrx_word' id='word_1_52' title='bbox 553 324 578 341; x_wconf 79' lang='lat' dir='ltr'>ita</span> <span class='ocrx_word' id='word_1_53' title='bbox 591 324 679 341; x_wconf 76' lang='lat' dir='ltr'>concludit</span> 
     </span>
     <span class='ocr_line' id='line_1_9' title="bbox 88 351 679 373; baseline 0 -5"><span class='ocrx_word' id='word_1_54' title='bbox 88 354 146 373; x_wconf 77' lang='lat' dir='ltr'>poeta,</span> <span class='ocrx_word' id='word_1_55' title='bbox 158 354 178 368; x_wconf 92' lang='lat' dir='ltr'>ut</span> <span class='ocrx_word' id='word_1_56' title='bbox 190 351 259 368; x_wconf 87' lang='lat' dir='ltr'>duobus</span> <span class='ocrx_word' id='word_1_57' title='bbox 272 351 356 368; x_wconf 75' lang='lat' dir='ltr'>trimetris</span> <span class='ocrx_word' id='word_1_58' title='bbox 368 351 456 368; x_wconf 77' lang='lat' dir='ltr'>dicentem</span> <span class='ocrx_word' id='word_1_59' title='bbox 469 351 522 368; x_wconf 71' lang='lat' dir='ltr'>faciat</span> <span class='ocrx_word' id='word_1_60' title='bbox 533 357 605 368; x_wconf 84' lang='lat' dir='ltr'>servum</span> <span class='ocrx_word' id='word_1_61' title='bbox 617 357 636 368; x_wconf 89' lang='lat' dir='ltr'>se</span> <span class='ocrx_word' id='word_1_62' title='bbox 644 351 679 368; x_wconf 83' lang='lat' dir='ltr'>iam</span> 
     </span>
     <span class='ocr_line' id='line_1_10' title="bbox 89 378 680 400; baseline 0 -6"><span class='ocrx_word' id='word_1_63' title='bbox 89 379 107 395; x_wconf 89' lang='lat' dir='ltr'>in</span> <span class='ocrx_word' id='word_1_64' title='bbox 120 378 206 400; x_wconf 84' lang='lat' dir='ltr'>proelium</span> <span class='ocrx_word' id='word_1_65' title='bbox 220 378 309 394; x_wconf 85' lang='lat' dir='ltr'>abiturum</span> <span class='ocrx_word' id='word_1_66' title='bbox 322 383 366 398; x_wconf 80' lang='lat' dir='ltr'>esse;</span> <span class='ocrx_word' id='word_1_67' title='bbox 379 378 418 394; x_wconf 86' lang='lat' dir='ltr'>ideo</span> <span class='ocrx_word' id='word_1_68' title='bbox 430 383 501 394; x_wconf 80' lang='lat' dir='ltr'>servum</span> <span class='ocrx_word' id='word_1_69' title='bbox 514 378 616 400; x_wconf 78' lang='lat' dir='ltr'>ampliorem</span> <span class='ocrx_word' id='word_1_70' title='bbox 629 378 680 395; x_wconf 82' lang='lat' dir='ltr'>alter-</span> 
     </span>
     <span class='ocr_line' id='line_1_11' title="bbox 89 404 679 426; baseline 0 -5"><span class='ocrx_word' id='word_1_71' title='bbox 89 405 177 422; x_wconf 78' lang='lat' dir='ltr'>cationem</span> <span class='ocrx_word' id='word_1_72' title='bbox 197 405 318 426; x_wconf 78' lang='lat' dir='ltr'>praecisurum</span> <span class='ocrx_word' id='word_1_73' title='bbox 336 404 390 421; x_wconf 70' lang='lat' dir='ltr'>fuisse</span> <span class='ocrx_word' id='word_1_74' title='bbox 405 405 485 426; x_wconf 68' lang='lat' dir='ltr'>adparet,</span> <span class='ocrx_word' id='word_1_75' title='bbox 503 405 536 421; x_wconf 89' lang='lat' dir='ltr'>nisi</span> <span class='ocrx_word' id='word_1_76' title='bbox 549 405 608 421; x_wconf 79' lang='lat' dir='ltr'>Iolaus</span> <span class='ocrx_word' id='word_1_77' title='bbox 620 405 679 421; x_wconf 82' lang='lat' dir='ltr'>subito</span> 
     </span>
     <span class='ocr_line' id='line_1_12' title="bbox 88 429 679 454; baseline 0 -6"><span class='ocrx_word' id='word_1_78' title='bbox 88 432 148 448; x_wconf 80' lang='lat' dir='ltr'>verbis</span> <span class='ocrx_word' id='word_1_79' title='bbox 164 429 229 454; x_wconf 66' lang='grc' dir='ltr'><em>κᾶγωγε</em></span> <span class='ocrx_word' id='word_1_80' title='bbox 245 430 275 448; x_wconf 60' lang='lat' dir='ltr'>uir</span> <span class='ocrx_word' id='word_1_81' title='bbox 292 431 319 448; x_wconf 74' lang='grc' dir='ltr'>σοι’</span> <span class='ocrx_word' id='word_1_82' title='bbox 334 437 353 448; x_wconf 92' lang='lat' dir='ltr'>se</span> <span class='ocrx_word' id='word_1_83' title='bbox 367 437 403 448; x_wconf 74' lang='lat' dir='ltr'>una</span> <span class='ocrx_word' id='word_1_84' title='bbox 421 437 461 448; x_wconf 82' lang='lat' dir='ltr'>cum</span> <span class='ocrx_word' id='word_1_85' title='bbox 473 436 494 448; x_wconf 85' lang='lat' dir='ltr'>eo</span> <span class='ocrx_word' id='word_1_86' title='bbox 506 431 531 448; x_wconf 87' lang='lat' dir='ltr'>ire</span> <span class='ocrx_word' id='word_1_87' title='bbox 543 432 589 448; x_wconf 89' lang='lat' dir='ltr'>velle</span> <span class='ocrx_word' id='word_1_88' title='bbox 601 432 679 448; x_wconf 84' lang='lat' dir='ltr'>dixisset.</span> 
     </span>
     <span class='ocr_line' id='line_1_13' title="bbox 89 458 679 480; baseline -0.002 -5"><span class='ocrx_word' id='word_1_89' title='bbox 89 459 136 475; x_wconf 86' lang='lat' dir='ltr'>unde</span> <span class='ocrx_word' id='word_1_90' title='bbox 154 458 181 479; x_wconf 78' lang='lat' dir='ltr'>fit,</span> <span class='ocrx_word' id='word_1_91' title='bbox 198 461 218 475; x_wconf 86' lang='lat' dir='ltr'>ut</span> <span class='ocrx_word' id='word_1_92' title='bbox 232 464 290 475; x_wconf 87' lang='lat' dir='ltr'>novus</span> <span class='ocrx_word' id='word_1_93' title='bbox 304 463 362 475; x_wconf 81' lang='lat' dir='ltr'>sermo</span> <span class='ocrx_word' id='word_1_94' title='bbox 377 458 455 475; x_wconf 83' lang='lat' dir='ltr'>alternus</span> <span class='ocrx_word' id='word_1_95' title='bbox 470 458 550 480; x_wconf 78' lang='lat' dir='ltr'>incipiat,</span> <span class='ocrx_word' id='word_1_96' title='bbox 568 464 603 480; x_wconf 89' lang='lat' dir='ltr'>quo</span> <span class='ocrx_word' id='word_1_97' title='bbox 617 464 679 475; x_wconf 83' lang='lat' dir='ltr'>servus</span> 
     </span>
     <span class='ocr_line' id='line_1_14' title="bbox 89 485 679 507; baseline -0.002 -5"><span class='ocrx_word' id='word_1_98' title='bbox 89 486 167 506; x_wconf 87' lang='lat' dir='ltr'>Iolaum,</span> <span class='ocrx_word' id='word_1_99' title='bbox 193 485 288 507; x_wconf 84' lang='lat' dir='ltr'>quominus</span> <span class='ocrx_word' id='word_1_100' title='bbox 311 485 373 507; x_wconf 82' lang='lat' dir='ltr'>proelii</span> <span class='ocrx_word' id='word_1_101' title='bbox 395 485 473 507; x_wconf 77' lang='lat' dir='ltr'>pericula</span> <span class='ocrx_word' id='word_1_102' title='bbox 494 485 564 506; x_wconf 87' lang='lat' dir='ltr'>subeat,</span> <span class='ocrx_word' id='word_1_103' title='bbox 587 485 679 507; x_wconf 86' lang='lat' dir='ltr'>prohibere</span> 
     </span>
     <span class='ocr_line' id='line_1_15' title="bbox 88 512 679 534; baseline 0 -6"><span class='ocrx_word' id='word_1_104' title='bbox 88 514 168 529; x_wconf 70' lang='lat' dir='ltr'>conatur⁴</span> <span class='ocrx_word' id='word_1_105' title='bbox 189 512 249 534; x_wconf 82' lang='lat' dir='ltr'>itaque</span> <span class='ocrx_word' id='word_1_106' title='bbox 261 512 295 528; x_wconf 89' lang='lat' dir='ltr'>hoc</span> <span class='ocrx_word' id='word_1_107' title='bbox 306 512 344 528; x_wconf 88' lang='lat' dir='ltr'>loco</span> <span class='ocrx_word' id='word_1_108' title='bbox 357 517 391 528; x_wconf 90' lang='lat' dir='ltr'>uon</span> <span class='ocrx_word' id='word_1_109' title='bbox 404 512 426 528; x_wconf 86' lang='lat' dir='ltr'>de</span> <span class='ocrx_word' id='word_1_110' title='bbox 438 512 536 533; x_wconf 77' lang='lat' dir='ltr'>interrupta</span> <span class='ocrx_word' id='word_1_111' title='bbox 548 512 679 533; x_wconf 83' lang='lat' dir='ltr'>stichomythia,</span> 
     </span>
     <span class='ocr_line' id='line_1_16' title="bbox 89 538 680 561; baseline 0 -6"><span class='ocrx_word' id='word_1_112' title='bbox 89 544 151 555; x_wconf 83' lang='lat' dir='ltr'>verm-n</span> <span class='ocrx_word' id='word_1_113' title='bbox 171 539 192 555; x_wconf 88' lang='lat' dir='ltr'>de</span> <span class='ocrx_word' id='word_1_114' title='bbox 212 539 281 555; x_wconf 82' lang='lat' dir='ltr'>duabus</span> <span class='ocrx_word' id='word_1_115' title='bbox 300 538 432 560; x_wconf 84' lang='lat' dir='ltr'>stichomythiis</span> <span class='ocrx_word' id='word_1_116' title='bbox 451 539 526 555; x_wconf 85' lang='lat' dir='ltr'>diversis</span> <span class='ocrx_word' id='word_1_117' title='bbox 545 539 579 555; x_wconf 89' lang='lat' dir='ltr'>dici</span> <span class='ocrx_word' id='word_1_118' title='bbox 599 542 680 561; x_wconf 75' lang='lat' dir='ltr'>oportere</span> 
     </span>
     <span class='ocr_line' id='line_1_17' title="bbox 89 565 198 582; baseline 0 0"><span class='ocrx_word' id='word_1_119' title='bbox 89 565 198 582; x_wconf 33' lang='lat' dir='ltr'>crediderim*</span> 
     </span>
    </p>

    <p class='ocr_par' dir='ltr' id='par_1_3' title="bbox 88 592 679 1125">
     <span class='ocr_line' id='line_1_18' title="bbox 143 592 678 614; baseline 0 -5"><span class='ocrx_word' id='word_1_120' title='bbox 143 592 258 614; x_wconf 80' lang='lat' dir='ltr'>Amplissima</span> <span class='ocrx_word' id='word_1_121' title='bbox 273 598 314 609; x_wconf 91' lang='lat' dir='ltr'>vero</span> <span class='ocrx_word' id='word_1_122' title='bbox 326 592 435 614; x_wconf 81' lang='lat' dir='ltr'>interruptae</span> <span class='ocrx_word' id='word_1_123' title='bbox 447 592 584 614; x_wconf 82' lang='lat' dir='ltr'>stichomythiae</span> <span class='ocrx_word' id='word_1_124' title='bbox 596 593 678 614; x_wconf 85' lang='lat' dir='ltr'>exempla</span> 
     </span>
     <span class='ocr_line' id='line_1_19' title="bbox 90 619 678 641; baseline 0 -5"><span class='ocrx_word' id='word_1_125' title='bbox 90 625 100 635; x_wconf 82' lang='lat' dir='ltr'>e</span> <span class='ocrx_word' id='word_1_126' title='bbox 112 619 216 641; x_wconf 79' lang='lat' dir='ltr'>Sophocleis</span> <span class='ocrx_word' id='word_1_127' title='bbox 234 619 330 641; x_wconf 78' lang='lat' dir='ltr'>tragoediis</span> <span class='ocrx_word' id='word_1_128' title='bbox 348 622 423 641; x_wconf 85' lang='lat' dir='ltr'>possunt</span> <span class='ocrx_word' id='word_1_129' title='bbox 439 619 511 641; x_wconf 81' lang='lat' dir='ltr'>congeri</span> <span class='ocrx_word' id='word_1_130' title='bbox 526 625 583 641; x_wconf 81' lang='lat' dir='ltr'>eaque</span> <span class='ocrx_word' id='word_1_131' title='bbox 594 619 678 641; x_wconf 73' lang='lat' dir='ltr'>Sophocli</span> 
     </span>
     <span class='ocr_line' id='line_1_20' title="bbox 89 646 678 668; baseline 0.002 -6"><span class='ocrx_word' id='word_1_132' title='bbox 89 646 189 667; x_wconf 78' lang='lat' dir='ltr'>peculiaria.</span> <span class='ocrx_word' id='word_1_133' title='bbox 201 646 262 668; x_wconf 83' lang='lat' dir='ltr'>itaque</span> <span class='ocrx_word' id='word_1_134' title='bbox 270 646 366 668; x_wconf 75' lang='lat' dir='ltr'>Antigona,</span> <span class='ocrx_word' id='word_1_135' title='bbox 379 651 424 668; x_wconf 80' lang='lat' dir='ltr'>quae</span> <span class='ocrx_word' id='word_1_136' title='bbox 436 646 527 668; x_wconf 81' lang='lat' dir='ltr'>singulare</span> <span class='ocrx_word' id='word_1_137' title='bbox 539 646 583 663; x_wconf 87' lang='lat' dir='ltr'>nihil</span> <span class='ocrx_word' id='word_1_138' title='bbox 595 646 678 667; x_wconf 79' lang='lat' dir='ltr'>continet,</span> 
     </span>
     <span class='ocr_line' id='line_1_21' title="bbox 90 672 678 695; baseline 0.002 -6"><span class='ocrx_word' id='word_1_139' title='bbox 90 673 155 689; x_wconf 83' lang='lat' dir='ltr'>omissa</span> <span class='ocrx_word' id='word_1_140' title='bbox 168 673 226 689; x_wconf 81' lang='lat' dir='ltr'>Aiacis</span> <span class='ocrx_word' id='word_1_141' title='bbox 244 679 260 690; x_wconf 85' lang='lat' dir='ltr'>v.</span> <span class='ocrx_word' id='word_1_142' title='bbox 273 672 350 689; x_wconf 76' lang='lat'>74-117</span> <span class='ocrx_word' id='word_1_143' title='bbox 368 673 495 690; x_wconf 78' lang='lat' dir='ltr'>examinemus.</span> <span class='ocrx_word' id='word_1_144' title='bbox 514 679 591 695; x_wconf 78' lang='lat' dir='ltr'>namque</span> <span class='ocrx_word' id='word_1_145' title='bbox 608 673 626 690; x_wconf 95' lang='lat' dir='ltr'>in</span> <span class='ocrx_word' id='word_1_146' title='bbox 644 673 678 690; x_wconf 76' lang='lat' dir='ltr'>hac</span> 
     </span>
     <span class='ocr_line' id='line_1_22' title="bbox 90 699 678 722; baseline 0 -6"><span class='ocrx_word' id='word_1_147' title='bbox 90 699 181 721; x_wconf 75' lang='lat' dir='ltr'>tragoedia</span> <span class='ocrx_word' id='word_1_148' title='bbox 194 702 246 721; x_wconf 87' lang='lat' dir='ltr'>poeta</span> <span class='ocrx_word' id='word_1_149' title='bbox 258 700 291 717; x_wconf 85' lang='lat' dir='ltr'>etsi</span> <span class='ocrx_word' id='word_1_150' title='bbox 304 700 393 721; x_wconf 82' lang='lat' dir='ltr'>longiores</span> <span class='ocrx_word' id='word_1_151' title='bbox 402 700 537 721; x_wconf 84' lang='lat' dir='ltr'>stichomythias</span> <span class='ocrx_word' id='word_1_152' title='bbox 546 706 581 717; x_wconf 80' lang='lat' dir='ltr'>una</span> <span class='ocrx_word' id='word_1_153' title='bbox 590 700 678 722; x_wconf 82' lang='lat' dir='ltr'>perpetui-</span> 
     </span>
     <span class='ocr_line' id='line_1_23' title="bbox 91 727 678 748; baseline 0 -5"><span class='ocrx_word' id='word_1_154' title='bbox 91 729 127 743; x_wconf 72' lang='lat' dir='ltr'>tate</span> <span class='ocrx_word' id='word_1_155' title='bbox 147 727 218 748; x_wconf 82' lang='lat' dir='ltr'>saepius</span> <span class='ocrx_word' id='word_1_156' title='bbox 238 727 335 748; x_wconf 82' lang='lat' dir='ltr'>componit,</span> <span class='ocrx_word' id='word_1_157' title='bbox 354 729 414 743; x_wconf 83' lang='lat' dir='ltr'>tamen</span> <span class='ocrx_word' id='word_1_158' title='bbox 433 727 467 743; x_wconf 80' lang='lat' dir='ltr'>iam</span> <span class='ocrx_word' id='word_1_159' title='bbox 487 727 570 744; x_wconf 75' lang='lat' dir='ltr'>maiorem</span> <span class='ocrx_word' id='word_1_160' title='bbox 589 727 678 748; x_wconf 83' lang='lat' dir='ltr'>quandam</span> 
     </span>
     <span class='ocr_line' id='line_1_24' title="bbox 89 753 676 775; baseline 0.002 -6"><span class='ocrx_word' id='word_1_161' title='bbox 89 753 189 770; x_wconf 79' lang='lat' dir='ltr'>libertatem</span> <span class='ocrx_word' id='word_1_162' title='bbox 196 753 229 770; x_wconf 87' lang='lat' dir='ltr'>sibi</span> <span class='ocrx_word' id='word_1_163' title='bbox 236 753 295 774; x_wconf 84' lang='lat' dir='ltr'>sumit,</span> <span class='ocrx_word' id='word_1_164' title='bbox 304 759 349 775; x_wconf 84' lang='lat' dir='ltr'>quae</span> <span class='ocrx_word' id='word_1_165' title='bbox 355 756 414 770; x_wconf 84' lang='lat' dir='ltr'>tamen</span> <span class='ocrx_word' id='word_1_166' title='bbox 422 753 538 775; x_wconf 83' lang='lat' dir='ltr'>posteriorum</span> <span class='ocrx_word' id='word_1_167' title='bbox 545 753 676 775; x_wconf 78' lang='lat' dir='ltr'>tragoediarum</span> 
     </span>
     <span class='ocr_line' id='line_1_25' title="bbox 89 779 677 802; baseline 0 -6"><span class='ocrx_word' id='word_1_168' title='bbox 89 779 162 796; x_wconf 81' lang='lat' dir='ltr'>licentia</span> <span class='ocrx_word' id='word_1_169' title='bbox 174 780 228 802; x_wconf 81' lang='lat' dir='ltr'>longe</span> <span class='ocrx_word' id='word_1_170' title='bbox 240 780 295 797; x_wconf 62' lang='lat' dir='ltr'>abest⁴</span> <span class='ocrx_word' id='word_1_171' title='bbox 307 780 383 802; x_wconf 83' lang='lat' dir='ltr'>primurn</span> <span class='ocrx_word' id='word_1_172' title='bbox 396 780 443 797; x_wconf 84' lang='lat' dir='ltr'>enim</span> <span class='ocrx_word' id='word_1_173' title='bbox 456 786 518 797; x_wconf 88' lang='lat' dir='ltr'>versus</span> <span class='ocrx_word' id='word_1_174' title='bbox 530 780 555 797; x_wconf 87' lang='lat' dir='ltr'>illi</span> <span class='ocrx_word' id='word_1_175' title='bbox 564 780 677 800; x_wconf 75' lang='lat' dir='ltr'>alternantes,</span> 
     </span>
     <span class='ocr_line' id='line_1_26' title="bbox 90 806 677 829; baseline 0 -6"><span class='ocrx_word' id='word_1_176' title='bbox 90 812 134 828; x_wconf 89' lang='lat' dir='ltr'>quos</span> <span class='ocrx_word' id='word_1_177' title='bbox 147 807 288 828; x_wconf 82' lang='lat' dir='ltr'>commemoravi,</span> <span class='ocrx_word' id='word_1_178' title='bbox 301 807 455 829; x_wconf 74' lang='lat' dir='ltr'>interrumpuntur</span> <span class='ocrx_word' id='word_1_179' title='bbox 467 813 483 823; x_wconf 90' lang='lat' dir='ltr'>v.</span> <span class='ocrx_word' id='word_1_180' title='bbox 492 806 564 826; x_wconf 77' lang='lat'>89-95.</span> <span class='ocrx_word' id='word_1_181' title='bbox 576 807 622 828; x_wconf 89' lang='lat' dir='ltr'>quod</span> <span class='ocrx_word' id='word_1_182' title='bbox 631 812 677 823; x_wconf 84' lang='lat' dir='ltr'>nova</span> 
     </span>
     <span class='ocr_line' id='line_1_27' title="bbox 89 833 679 856; baseline 0 -6"><span class='ocrx_word' id='word_1_183' title='bbox 89 838 165 855; x_wconf 79' lang='lat' dir='ltr'>persona</span> <span class='ocrx_word' id='word_1_184' title='bbox 175 833 243 850; x_wconf 79' lang='lat' dir='ltr'>accedit</span> <span class='ocrx_word' id='word_1_185' title='bbox 251 834 272 850; x_wconf 85' lang='lat' dir='ltr'>ad</span> <span class='ocrx_word' id='word_1_186' title='bbox 282 839 316 855; x_wconf 64' lang='lat' dir='ltr'>eas,</span> <span class='ocrx_word' id='word_1_187' title='bbox 328 839 374 856; x_wconf 87' lang='lat' dir='ltr'>quae</span> <span class='ocrx_word' id='word_1_188' title='bbox 382 839 403 850; x_wconf 90' lang='lat' dir='ltr'>eo</span> <span class='ocrx_word' id='word_1_189' title='bbox 411 839 467 855; x_wconf 89' lang='lat' dir='ltr'>usque</span> <span class='ocrx_word' id='word_1_190' title='bbox 475 833 588 855; x_wconf 76' lang='lat' dir='ltr'>conloquium</span> <span class='ocrx_word' id='word_1_191' title='bbox 597 834 679 850; x_wconf 61' lang='lat' dir='ltr'>fecerant</span> 
     </span>
     <span class='ocr_line' id='line_1_28' title="bbox 90 860 679 882; baseline 0.002 -6"><span class='ocrx_word' id='word_1_192' title='bbox 90 865 125 881; x_wconf 87' lang='lat' dir='ltr'>qua</span> <span class='ocrx_word' id='word_1_193' title='bbox 140 860 231 877; x_wconf 79' lang='lat' dir='ltr'>occasione</span> <span class='ocrx_word' id='word_1_194' title='bbox 245 860 287 877; x_wconf 77' lang='lat' dir='ltr'>data</span> <span class='ocrx_word' id='word_1_195' title='bbox 302 861 355 882; x_wconf 87' lang='lat' dir='ltr'>paulo</span> <span class='ocrx_word' id='word_1_196' title='bbox 369 861 469 877; x_wconf 75' lang='lat' dir='ltr'>accuratius</span> <span class='ocrx_word' id='word_1_197' title='bbox 483 860 501 877; x_wconf 86' lang='lat' dir='ltr'>in</span> <span class='ocrx_word' id='word_1_198' title='bbox 516 866 577 877; x_wconf 85' lang='lat' dir='ltr'>ornnes</span> <span class='ocrx_word' id='word_1_199' title='bbox 589 866 619 877; x_wconf 81' lang='lat' dir='ltr'>eos</span> <span class='ocrx_word' id='word_1_200' title='bbox 631 861 679 877; x_wconf 79' lang='lat' dir='ltr'>locos</span> 
     </span>
     <span class='ocr_line' id='line_1_29' title="bbox 90 886 679 909; baseline 0 -5"><span class='ocrx_word' id='word_1_201' title='bbox 90 886 215 908; x_wconf 83' lang='lat' dir='ltr'>inquirendum</span> <span class='ocrx_word' id='word_1_202' title='bbox 224 890 255 908; x_wconf 83' lang='lat' dir='ltr'>est,</span> <span class='ocrx_word' id='word_1_203' title='bbox 264 887 294 904; x_wconf 81' lang='lat' dir='ltr'>ubi</span> <span class='ocrx_word' id='word_1_204' title='bbox 303 890 339 904; x_wconf 82' lang='lat' dir='ltr'>tres</span> <span class='ocrx_word' id='word_1_205' title='bbox 347 893 433 909; x_wconf 82' lang='lat' dir='ltr'>personae</span> <span class='ocrx_word' id='word_1_206' title='bbox 440 887 578 908; x_wconf 85' lang='lat' dir='ltr'>stichomythiae</span> <span class='ocrx_word' id='word_1_207' title='bbox 584 887 679 909; x_wconf 72' lang='lat' dir='ltr'>participes</span> 
     </span>
     <span class='ocr_line' id='line_1_30' title="bbox 89 914 678 936; baseline 0 -6"><span class='ocrx_word' id='word_1_208' title='bbox 89 914 141 930; x_wconf 80' lang='lat' dir='ltr'>fiunt.</span> <span class='ocrx_word' id='word_1_209' title='bbox 158 914 212 930; x_wconf 83' lang='lat' dir='ltr'>huius</span> <span class='ocrx_word' id='word_1_210' title='bbox 228 914 252 930; x_wconf 82' lang='lat' dir='ltr'>rei</span> <span class='ocrx_word' id='word_1_211' title='bbox 269 914 304 931; x_wconf 89' lang='lat' dir='ltr'>duo</span> <span class='ocrx_word' id='word_1_212' title='bbox 320 919 385 936; x_wconf 80' lang='lat' dir='ltr'>genera</span> <span class='ocrx_word' id='word_1_213' title='bbox 400 914 484 931; x_wconf 84' lang='lat' dir='ltr'>videntur</span> <span class='ocrx_word' id='word_1_214' title='bbox 495 914 622 936; x_wconf 80' lang='lat' dir='ltr'>distinguenda</span> <span class='ocrx_word' id='word_1_215' title='bbox 635 919 678 931; x_wconf 83' lang='lat' dir='ltr'>esse.</span> 
     </span>
     <span class='ocr_line' id='line_1_31' title="bbox 89 940 679 963; baseline 0 -6"><span class='ocrx_word' id='word_1_216' title='bbox 89 946 131 957; x_wconf 81' lang='lat' dir='ltr'>nam</span> <span class='ocrx_word' id='word_1_217' title='bbox 150 940 202 957; x_wconf 80' lang='lat' dir='ltr'>tertia</span> <span class='ocrx_word' id='word_1_218' title='bbox 220 940 250 957; x_wconf 84' lang='lat' dir='ltr'>illa</span> <span class='ocrx_word' id='word_1_219' title='bbox 268 946 342 963; x_wconf 78' lang='lat' dir='ltr'>persona</span> <span class='ocrx_word' id='word_1_220' title='bbox 360 943 392 958; x_wconf 79' lang='lat' dir='ltr'>aut</span> <span class='ocrx_word' id='word_1_221' title='bbox 408 944 460 957; x_wconf 75' lang='lat' dir='ltr'>antea</span> <span class='ocrx_word' id='word_1_222' title='bbox 477 943 527 957; x_wconf 75' lang='lat' dir='ltr'>extra</span> <span class='ocrx_word' id='word_1_223' title='bbox 538 946 620 957; x_wconf 79' lang='lat' dir='ltr'>scaenam</span> <span class='ocrx_word' id='word_1_224' title='bbox 633 946 679 957; x_wconf 89' lang='lat' dir='ltr'>com-</span> 
     </span>
     <span class='ocr_line' id='line_1_32' title="bbox 90 967 678 990; baseline 0 -6"><span class='ocrx_word' id='word_1_225' title='bbox 90 971 159 984; x_wconf 70' lang='lat' dir='ltr'>morata</span> <span class='ocrx_word' id='word_1_226' title='bbox 176 967 235 984; x_wconf 86' lang='lat' dir='ltr'>subito</span> <span class='ocrx_word' id='word_1_227' title='bbox 253 968 274 984; x_wconf 92' lang='lat' dir='ltr'>ad</span> <span class='ocrx_word' id='word_1_228' title='bbox 292 973 376 990; x_wconf 84' lang='lat' dir='ltr'>personas</span> <span class='ocrx_word' id='word_1_229' title='bbox 388 968 515 990; x_wconf 85' lang='lat' dir='ltr'>conloquentes</span> <span class='ocrx_word' id='word_1_230' title='bbox 527 967 596 984; x_wconf 77' lang='lat' dir='ltr'>accedit</span> <span class='ocrx_word' id='word_1_231' title='bbox 608 970 626 984; x_wconf 88' lang='lat' dir='ltr'>et</span> <span class='ocrx_word' id='word_1_232' title='bbox 638 972 678 984; x_wconf 77' lang='lat' dir='ltr'>cuin</span> 
     </span>
     <span class='ocr_line' id='line_1_33' title="bbox 89 994 678 1015; baseline 0 -4"><span class='ocrx_word' id='word_1_233' title='bbox 89 994 145 1011; x_wconf 83' lang='lat' dir='ltr'>altera</span> <span class='ocrx_word' id='word_1_234' title='bbox 160 1000 220 1011; x_wconf 86' lang='lat' dir='ltr'>earum</span> <span class='ocrx_word' id='word_1_235' title='bbox 236 1000 335 1011; x_wconf 86' lang='lat' dir='ltr'>sermonem</span> <span class='ocrx_word' id='word_1_236' title='bbox 348 995 421 1015; x_wconf 75' lang='lat' dir='ltr'>confert,</span> <span class='ocrx_word' id='word_1_237' title='bbox 439 997 470 1011; x_wconf 85' lang='lat' dir='ltr'>aut</span> <span class='ocrx_word' id='word_1_238' title='bbox 482 995 524 1011; x_wconf 87' lang='lat' dir='ltr'>dum</span> <span class='ocrx_word' id='word_1_239' title='bbox 536 994 554 1011; x_wconf 87' lang='lat' dir='ltr'>iu</span> <span class='ocrx_word' id='word_1_240' title='bbox 567 1000 631 1011; x_wconf 78' lang='lat' dir='ltr'>scaena</span> <span class='ocrx_word' id='word_1_241' title='bbox 642 994 678 1011; x_wconf 79' lang='lat' dir='ltr'>iam</span> 
     </span>
     <span class='ocr_line' id='line_1_34' title="bbox 89 1021 679 1043; baseline 0 -5"><span class='ocrx_word' id='word_1_242' title='bbox 89 1021 146 1042; x_wconf 62' lang='lat' dir='ltr'>adest,</span> <span class='ocrx_word' id='word_1_243' title='bbox 164 1021 223 1038; x_wconf 87' lang='lat' dir='ltr'>subito</span> <span class='ocrx_word' id='word_1_244' title='bbox 241 1021 279 1038; x_wconf 90' lang='lat' dir='ltr'>sive</span> <span class='ocrx_word' id='word_1_245' title='bbox 297 1021 363 1043; x_wconf 81' lang='lat' dir='ltr'>aliquid</span> <span class='ocrx_word' id='word_1_246' title='bbox 382 1022 439 1038; x_wconf 77' lang='lat' dir='ltr'>iacere</span> <span class='ocrx_word' id='word_1_247' title='bbox 456 1021 504 1038; x_wconf 84' lang='lat' dir='ltr'>iussa</span> <span class='ocrx_word' id='word_1_248' title='bbox 522 1021 560 1038; x_wconf 85' lang='lat' dir='ltr'>sive</span> <span class='ocrx_word' id='word_1_249' title='bbox 578 1021 679 1038; x_wconf 76' lang='lat' dir='ltr'>vehementi</span> 
     </span>
     <span class='ocr_line' id='line_1_35' title="bbox 89 1047 679 1070; baseline -0.002 -5"><span class='ocrx_word' id='word_1_250' title='bbox 89 1047 148 1069; x_wconf 72' lang='lat' dir='ltr'>aliqua</span> <span class='ocrx_word' id='word_1_251' title='bbox 160 1048 215 1065; x_wconf 78' lang='lat' dir='ltr'>animi</span> <span class='ocrx_word' id='word_1_252' title='bbox 227 1048 346 1065; x_wconf 84' lang='lat' dir='ltr'>commotione</span> <span class='ocrx_word' id='word_1_253' title='bbox 358 1048 435 1065; x_wconf 76' lang='lat' dir='ltr'>excitata</span> <span class='ocrx_word' id='word_1_254' title='bbox 443 1048 461 1065; x_wconf 86' lang='lat' dir='ltr'>in</span> <span class='ocrx_word' id='word_1_255' title='bbox 470 1053 569 1065; x_wconf 87' lang='lat' dir='ltr'>sermonem</span> <span class='ocrx_word' id='word_1_256' title='bbox 577 1048 679 1070; x_wconf 83' lang='lat' dir='ltr'>impellitur.</span> 
     </span>
     <span class='ocr_line' id='line_1_36' title="bbox 90 1075 677 1097; baseline -0.002 -5"><span class='ocrx_word' id='word_1_257' title='bbox 90 1077 165 1097; x_wconf 73' lang='lat' dir='ltr'>utroque</span> <span class='ocrx_word' id='word_1_258' title='bbox 177 1077 237 1092; x_wconf 75' lang='lat' dir='ltr'>autem</span> <span class='ocrx_word' id='word_1_259' title='bbox 249 1081 315 1097; x_wconf 82' lang='lat' dir='ltr'>genere</span> <span class='ocrx_word' id='word_1_260' title='bbox 326 1076 369 1092; x_wconf 86' lang='lat' dir='ltr'>dum</span> <span class='ocrx_word' id='word_1_261' title='bbox 381 1075 480 1096; x_wconf 80' lang='lat' dir='ltr'>Aeschylus</span> <span class='ocrx_word' id='word_1_262' title='bbox 492 1075 565 1092; x_wconf 81' lang='lat' dir='ltr'>omnino</span> <span class='ocrx_word' id='word_1_263' title='bbox 577 1077 633 1096; x_wconf 65' lang='lat' dir='ltr'>caret,</span> <span class='ocrx_word' id='word_1_264' title='bbox 650 1077 677 1091; x_wconf 85' lang='lat' dir='ltr'>ut-</span> 
     </span>
     <span class='ocr_line' id='line_1_37' title="bbox 88 1102 679 1125; baseline -0.002 -6"><span class='ocrx_word' id='word_1_265' title='bbox 88 1104 131 1125; x_wconf 82' lang='lat' dir='ltr'>pote</span> <span class='ocrx_word' id='word_1_266' title='bbox 149 1102 179 1124; x_wconf 88' lang='lat' dir='ltr'>qui</span> <span class='ocrx_word' id='word_1_267' title='bbox 197 1108 259 1119; x_wconf 79' lang='lat' dir='ltr'>versus</span> <span class='ocrx_word' id='word_1_268' title='bbox 276 1103 385 1119; x_wconf 73' lang='lat' dir='ltr'>alternantes</span> <span class='ocrx_word' id='word_1_269' title='bbox 396 1102 443 1119; x_wconf 78' lang='lat' dir='ltr'>inter</span> <span class='ocrx_word' id='word_1_270' title='bbox 454 1102 498 1119; x_wconf 78' lang='lat' dir='ltr'>duas</span> <span class='ocrx_word' id='word_1_271' title='bbox 511 1104 581 1119; x_wconf 77' lang='lat' dir='ltr'>tantum</span> <span class='ocrx_word' id='word_1_272' title='bbox 593 1106 679 1123; x_wconf 83' lang='lat' dir='ltr'>personas</span> 
     </span>
    </p>
   </div>
  </div>
 </body>
</html>
