838 1317
406 109 517 127 -16-..

166 163 215 181 exire
226 163 269 180 sinit
281 169 339 185 neque
347 163 382 180 alia
390 164 412 180 de
420 169 474 181 causa
483 165 558 185 usurpat
566 163 600 185 nisi
608 163 655 185 quod
664 164 758 185 conloquio

166 190 248 207 idoneam
268 190 322 207 simul
339 190 403 207 addere
421 191 461 207 vult
478 190 591 207 varietatem:
608 191 645 207 Ion.
663 189 758 212 530-562,

166 218 179 234 Ι.
189 216 210 233 Τ.
221 216 336 238 1203—1221,
348 217 378 234 Or.
386 216 480 238 774-798,
492 217 506 233 1.
518 217 539 233 A.
551 216 667 233 1341-1368.
680 222 758 239 namque

166 243 195 260 his
212 243 255 260 locis
272 243 342 260 animos
360 243 504 265 conloquentium
524 243 648 260 vehementius
659 246 758 260 commotos

167 275 205 287 esse
218 270 291 287 vixdum
303 270 393 287 adfirmari
405 276 457 292 posse
469 270 526 287 credo.

220 297 252 313 111.
268 297 372 318 Priusquam
390 297 412 313 ad
430 302 451 313 ea
469 297 574 313 accedamus
591 297 690 317 tractanda,
712 302 758 318 quae

167 329 189 340 ex
213 323 262 340 omni
286 323 319 340 hac
340 323 444 346 quaestione
467 323 588 341 concludenda
611 326 658 344 sunt,
686 329 758 340 necesse

167 353 194 367 est
211 350 344 372 intellegamus,
363 353 381 367 et
398 351 463 373 quibus
480 350 523 367 locis
541 353 558 367 et
578 350 642 372 quibus
660 350 682 367 de
699 351 758 367 causis

167 377 305 398 stichomythiae
321 377 479 399 iuterrumpautur.
496 382 537 394 nam
555 377 584 394 vel
598 377 614 393 ei
629 377 708 399 quidem,
726 377 757 399 qui

167 406 220 421 antea
232 404 254 420 de
266 404 299 420 hae
307 409 326 420 re
334 404 447 426 scripserunt,
459 409 494 420 non
503 409 572 425 semper
580 409 671 420 sermones
679 404 759 420 alternos

167 436 203 447 una
216 430 334 452 perpetuitate
346 430 381 447 labi
394 430 526 451 intellexeruut;
538 430 569 447 sed
581 430 600 447 in
612 430 670 447 causis
682 430 720 447 eius
732 431 757 447 rei

167 457 274 479 indagandis
287 457 356 474 etiamsi
365 457 386 474 de
397 457 466 479 aliquot
473 457 516 474 locis
525 457 605 473 nonnulli
614 459 661 474 recte
668 457 757 474 iudicasse

168 484 255 505 videntur,
267 484 339 506 plurimi
352 486 415 505 tamen,
428 489 468 501 eum
480 489 542 505 parurn
555 483 650 505 diligenter
662 484 680 500 in
692 484 758 501 sticho-

167 510 246 532 rnythiae
266 516 318 527 usum
338 510 473 532 inquisivisseut
493 516 559 532 perque
577 516 638 527 omnes
656 511 759 532 tragoedias

167 543 243 559 regnare
260 537 387 554 arbitrarentur
404 537 475 554 easdem
493 537 543 559 leges
560 540 617 554 certas
633 543 653 554 ac
670 537 759 558 definitas,

168 567 200 581 aut
218 564 292 580 lacunas
310 569 401 585 perperam
420 566 521 580 statuerunt
539 566 570 580 aut
588 569 649 581 versus
668 564 759 581 eiecerunt

168 590 244 612 optimos
260 590 305 607 §alsa
322 590 422 612 inquirendi
438 590 506 607 ratione
522 590 553 607 usi.
569 591 609 607 ideo
620 591 646 607 illi
658 596 711 612 quarn
724 591 758 607 sibi

168 617 298 639 comparavisse
318 617 412 634 videantur
431 617 558 639 coguitionem,
579 617 699 639 imperfectam
718 623 757 634 eam

168 649 206 661 esse
218 646 278 661 statuo
290 646 343 666 atque
355 649 442 661 mancam
459 649 491 661 uos
503 649 546 661 vero
558 644 600 661 dum
613 644 659 661 hanc
671 650 708 661 rem
720 650 759 666 per*

168 671 284 693 vestigamus,
296 676 358 688 cavere
368 671 458 692 debemus,
470 676 497 692 ne,
509 671 596 693 quidquid
605 671 688 692 eruimus,
696 671 757 688 statim

168 703 199 720 pro
206 698 273 719 regulis
280 698 385 719 vendamus
392 703 433 714 nam
440 698 516 719 regulas,
523 703 639 720 quaecunque
645 698 759 719 excogitatae

168 727 214 745 sunt,
230 724 268 746 ipsa
280 730 309 743 ars
321 724 405 742 trausilitz
418 730 470 741 verus
482 724 546 741 artifex
558 724 640 741 dominus
652 727 684 745 est,
695 730 759 742 servus

168 751 231 768 nititur
242 751 314 773 regulis.
327 751 391 768 deiude
399 751 467 768 accedit
475 751 522 773 quod
531 751 584 768 etiam
593 751 683 768 scaenicae
692 751 759 768 actioni

168 778 235 799 aliquid
256 778 332 794 tribuere
350 778 439 799 debemus,
457 778 471 794 si
488 783 518 794 eos
535 778 587 798 locos,
601 778 666 800 quibus
683 784 758 800 pausam

169 805 246 827 aliquam
255 804 273 821 in
281 804 372 821 recitando
380 805 417 821 fieri
426 805 522 827 oportebat,
530 807 578 822 recte
587 807 661 822 tractare
670 805 758 822 volumus.

169 831 263 853 praecipue
274 834 334 848 autem
346 831 364 848 id
377 834 457 853 spectare
469 832 558 853 debemus,
575 837 597 848 ne
608 832 705 852 credamus,
723 837 759 853 qua

169 858 243 880 quisque
255 858 329 875 iuvenili
341 858 415 880 ingenio
426 858 517 880 praeditus
529 858 597 875 ratione
605 858 623 875 in
632 858 759 880 componendis

168 885 253 902 diverbiis
265 890 308 901 usus
320 885 347 905 sit,
360 885 421 901 eadem
434 890 486 902 usum
498 891 537 902 esse
545 891 610 902 senem.
625 885 690 902 etenim
699 885 759 906 quivis

169 914 239 928 nostrae
247 917 317 933 quoque
324 911 387 928 aetatis
394 914 447 933 poeta
453 912 481 928 vel
488 912 545 933 pictor
551 912 579 929 vel
587 911 664 928 musicus
671 911 758 933 singulari

168 938 246 960 quodam
267 938 320 955 modo
339 938 432 960 ingenium
453 944 504 955 suum
525 938 598 959 excolit;
619 944 677 960 neque
696 938 757 955 eadem

169 965 286 987 componendi
298 965 366 982 ratione
378 965 405 982 usi
417 968 459 982 sunt
468 965 538 982 Goessre
547 965 575 982 vel
584 965 691 986 Beethovm,
703 965 760 981 donee

169 994 219 1009 erant
227 991 353 1013 adolescentes,
365 995 419 1014 atque
427 998 467 1009 cum
476 995 534 1009 aetate
543 992 686 1009 conficiebantur.
698 992 759 1013 itaque

170 1019 258 1035 turbatam
276 1019 291 1035 si
303 1019 354 1036 vides
365 1019 520 1040 stichomythiam,
536 1024 580 1036 cave
592 1019 661 1035 mireris
673 1024 718 1035 neve
730 1024 759 1035 ex—

170 1046 236 1067 templo
247 1046 270 1062 de
281 1046 345 1063 lacuna
358 1046 386 1063 vel
398 1046 420 1062 de
432 1046 568 1068 interpolatione
580 1045 675 1062 statuenda
683 1045 762 1067 cogites-7

170 1078 231 1089 verum
253 1078 294 1089 cum
313 1073 358 1089 aliae
378 1078 442 1090 causae
461 1075 493 1089 aut
512 1078 522 1089 a
541 1072 670 1089 sententiarum
689 1077 759 1089 conexu

169 1102 200 1116 aut
212 1105 222 1116 a
234 1099 351 1121 grammatica
363 1099 429 1121 petitae
441 1099 551 1120 accesserint,
564 1101 601 1116 tum
614 1099 686 1116 demum
694 1099 762 1120 locum,
