838 1317
412 111 522 128 *22-

173 165 256 182 nuntium
269 168 287 182 et
296 165 383 187 Oedipum
395 165 452 182 habiti
465 165 521 182 utitur
533 171 550 182 v.
562 164 607 181 1002
615 170 641 187 sq⁴
654 167 671 181 et
680 163 724 181 1005
733 170 765 187 sq.,

174 192 203 209 ubi
216 192 280 214 Oedipi
297 192 454 209 vehementissima
471 192 566 209 commotio
578 192 661 208 nuntium
674 197 709 208 non
722 191 766 208 sinit

173 219 248 241 longum
271 219 315 235 fieri.
339 219 360 235 de
383 219 410 236 El.
434 218 467 235 310
490 224 527 241 sqq.
551 219 586 235 iam
610 221 657 235 recte
681 219 765 236 disseruit

174 246 267 268 Kaibel.²⁰)
291 246 336 262 idem
352 248 435 268 spectans
450 246 511 262 eodem
524 245 577 262 modo
589 245 627 267 egit
639 245 734 267 Euripides
746 246 764 262 iu

174 273 214 290 Hel.
229 278 246 290 ν,
261 272 306 289 1197
317 278 350 295 sq.,
366 273 430 294 quibus
442 272 531 289 continuis
544 272 624 289 versibus
636 272 765 294 Theoclymeni

174 305 231 316 mores
243 299 310 321 optime
323 299 463 321 illustrantur.²¹)

228 327 294 343 Iterum
311 326 332 343 ad
344 326 451 348 Sophoclem
464 329 546 343 revertur<
559 326 577 342 in
590 326 681 348 Antigona
693 332 767 348 perraro

174 353 279 375 interrumpi
298 353 443 374 stiehomythiam
460 358 517 375 neque
534 358 612 374 unquam
625 358 680 369 unurn
693 358 765 370 versum

174 380 221 396 inter
238 380 283 396 duas
299 385 384 402 personas
400 380 505 396 distribuere
519 382 590 401 poetam
605 379 639 396 iam
652 379 734 396 diximus.
747 380 766 396 in

175 407 228 423 Aiace
240 409 299 423 autem
313 407 346 423 etsi
358 407 450 428 aliquanto
462 406 533 428 saepius
542 406 669 428 stichomythia
678 407 767 427 turbatur,

174 434 192 450 in
213 434 316 450 universnm
338 436 396 450 tamen
414 433 485 455 aequali
502 439 541 450 eain
560 439 629 450 currere
646 433 767 455 perpetuitate

175 460 300 482 cugnovimus;
312 460 414 482 ubieunque
426 466 469 477 vero
481 460 502 476 ad
515 460 601 481 trag-icam
615 460 651 476 vim
662 460 766 481 augendam

175 487 258 504 idoneum
277 489 340 509 poetae
357 487 458 508 videbatur,
475 487 564 503 continuis
581 487 663 503 antilabis
678 492 721 503 usus
733 489 766 504 est.

175 516 193 531 at
211 514 228 530 in
242 514 310 536 Oedipo
323 515 374 535 Rege
392 514 434 530 dum
452 514 539 530 antilabas
556 514 622 530 eisdem
634 514 670 530 fere
683 514 767 530 cancellis

175 540 303 557 circumscribit
315 543 369 562 atque
380 540 398 557 iu
411 540 470 561 Aiace,
482 550 502 553 -—
515 546 556 557 nain
569 541 623 557 semel
636 543 705 557 tautum
719 546 766 557 unus

176 572 237 584 versus
250 567 355 589 discerpitur
367 573 383 584 v.
395 566 444 585 1119,
456 569 476 584 ut
484 567 542 584 nuntii
551 567 619 584 indoles
627 567 736 589 depingatur
745 577 766 579 —

175 594 243 610 medios
262 599 353 611 sermones
370 594 448 610 alternos
466 594 608 616 frequentissime
625 594 769 616 interrumpitss)

176 620 329 643 quotienscunque
349 621 395 637 enim
413 621 452 638 sive
469 626 584 643 personarum
602 626 659 637 mores
678 621 767 642 explicare

175 647 213 664 sive
231 647 333 664 alacriorem
346 653 444 664 sermonem
459 648 548 665 retardare
566 650 618 670 poeta
631 648 674 669 vult,
691 648 716 664 ita
729 653 766 664 rem

175 674 257 695 instituit,
269 677 290 691 ut
302 674 378 692 disticho
386 674 452 691 inserto
465 675 514 697 quasi
524 674 612 696 gradatim
621 680 643 691 ex
651 675 768 691 commotiore

176 701 269 723 conloquio
288 701 309 718 ad
327 701 432 718 sedatiorem
445 707 544 718 sermonem
557 702 645 718 alternum
658 704 767 722 transeatur,

176 730 237 745 contra
245 728 275 745 ubi
283 728 398 745 concitatiore
407 728 501 750 conloquio
509 733 554 750 opus
563 731 594 749 est,
607 728 686 745 versibus
695 733 769 750 quoquo

175 755 219 771 libet
230 755 283 772 modo
294 755 340 772 inter
353 760 437 777 personas
449 755 546 777 dispertitis
558 755 644 772 sermonis
656 755 766 772 alacritatem

176 781 315 804 violentiamque
332 784 391 804 auget.
411 782 458 798 unde
475 781 502 803 fit,
520 785 540 798 ut
554 782 608 798 etiarn
621 782 690 798 mediae
702 782 767 798 sticho-

176 808 255 830 mythiae
272 809 425 831 interrumpantur
443 809 533 825 schemate
549 808 559 825 2
568 808 591 825 71
605 809 633 825 vel
647 808 697 829 1⁴2,
715 808 768 825 euius

176 835 200 852 rei
213 835 287 857 quaevis
302 836 337 852 fere
350 841 414 852 scaena
426 836 507 857 exempla
520 835 647 852 subministrati
658 835 689 852 sed
697 835 766 852 cumin

176 862 216 883 illis,
228 862 250 879 de
262 862 327 884 quibus
340 862 393 879 verba
405 862 443 883 teci,
456 862 552 884 tragoediis
564 862 693 884 antiquioribus
702 862 766 879 sticho-

177 889 255 911 mythiae
273 889 348 911 integris
365 895 434 911 semper
451 889 531 906 versibus
545 889 616 906 insertis
629 889 731 910 turbantur,
749 889 767 905 in

176 916 244 933 ultimis
271 918 347 938 quatuor
373 916 469 938 tragoediis
492 916 546 933 etiam
570 916 649 933 versibus
673 915 767 937 discerptis

176 943 313 964 stichomythias
336 943 386 965 quasi
406 943 502 960 dilacerare
522 943 629 964 omninoque
648 943 666 959 in
686 942 767 959 diverbio

177 976 238 987 versus
254 970 352 993 discerpere
369 972 417 987 amat
435 973 494 992 poeta,
512 972 532 986 ut
546 975 592 991 earn,
610 975 663 992 quam
675 969 767 986 comoedia

177 998 237 1019 habet,
254 997 344 1014 licentiam
363 998 399 1014 fere
417 997 525 1019 aequaverit*
543 997 586 1019 quin
604 996 622 1013 in
635 996 733 1013 Philocteta
745 1001 769 1012 eo

176 1029 280 1046 progressus
298 1027 332 1045 est,
350 1027 370 1041 ut
387 1027 405 1041 et
423 1030 439 1041 v.
452 1023 473 1040 54
490 1024 508 1040 in
526 1024 585 1040 medio
601 1023 681 1040 trimetro
693 1023 766 1044 longam

176 1053 224 1074 ῥῆσιν
236 1051 321 1073 inciperet
333 1053 351 1068 et
363 1057 443 1068 severam
456 1051 504 1068 illam
517 1050 663 1072 stichomythiam
675 1049 719 1066 1224
730 1055 769 1071 sqq.

177 1079 256 1095 turbaret
267 1078 348 1095 versibus
360 1078 452 1100 discerptis
465 1077 576 1094 1247—1249
587 1077 626 1094 sine
638 1077 674 1094 ulla
686 1076 768 1093 scaenica

177 1108 208 1122 aut
220 1105 288 1127 tragica
298 1105 431 1126 necessitate.²³)
443 1105 487 1121 adeo
495 1107 555 1121 autem
564 1104 623 1121 omnia
632 1104 677 1120 haec
684 1103 768 1120 licentiae
