838 1317
408 113 519 130 —13-

167 168 201 184 mis
210 168 270 185 formis
278 168 376 184 effloruerit
384 167 442 189 poesis
451 167 523 189 tragica,
532 173 599 184 novum
607 168 697 190 quoddam
706 168 759 185 inter-

167 197 230 217 ruptae
238 194 376 215 stichomythiae
382 194 485 211 invenimus
491 195 593 216 exemplum
600 194 618 211 in
626 194 668 212 Cho.
676 194 709 211 766
715 201 759 217 sqq„

167 222 197 244 qui
210 227 267 238 sermo
279 221 358 238 alternus
370 224 446 243 quatuor
455 221 544 246 continuis
553 221 634 238 versibus
642 222 758 244 intercipitur,

167 254 208 265 curn
220 253 334 270 personarum
347 248 492 270 conloquentium
505 248 561 264 altera
573 248 632 265 subito
644 254 712 265 novum
724 249 758 265 init

167 275 266 292 consilium.
284 275 395 291 luculentum
413 280 455 292 vero
473 275 552 291 eiusdem
570 275 595 291 rei
613 276 715 297 exemplum
730 275 759 292 de-

167 302 254 324 promitur
272 307 282 318 e
298 302 361 318 Bacch.
379 301 422 318 1263
436 307 481 323 sqq„
498 301 528 318 ubi
544 301 671 323 stichomythia
688 302 758 319 duobus

167 329 256 346 continuis
268 329 349 346 versibus
361 329 501 351 interrumpitur,
513 329 554 350 quia
563 329 630 350 Agaue,
642 334 688 351 quae
700 329 758 346 adhuc

167 356 251 372 bacchico
268 356 326 372 iurore
344 358 392 372 tacta
409 356 513 377 insaniebat,
530 361 593 372 sanam
608 359 686 373 mentem
698 356 758 373 subito

167 384 288 404 recuperatss)
308 388 365 404 neque
385 383 504 399 excludendos
516 388 554 399 esse
571 388 610 399 reor
623 383 645 399 ab
657 383 690 399 hac
702 383 758 399 classe

168 410 213 426 Hec,
232 415 247 426 v.
263 408 296 425 739
314 415 358 431 sqq„
376 409 406 426 ubi
418 409 501 430 disticha,
518 415 559 426 cum
571 415 582 426 a
594 409 692 426 dubitando
704 412 758 432 atque

167 436 272 453 haesitando
290 436 313 452 ad
330 438 398 452 eertum
416 436 509 452 consilium
522 439 585 453 avocat
598 436 678 453 animum
689 436 758 458 regina,

168 468 203 479 non
218 463 304 484 quinque,
318 465 338 479 ut
351 463 413 479 Funke
428 463 540 484 opinabatur,
557 463 587 479 sed
604 463 659 480 tribus
673 463 758 480 Hecubae

168 490 248 506 versibus
260 490 421 511 interrumpuntur;
434 495 475 506 nam
488 495 504 507 v.
517 489 549 506 752
562 495 587 512 sq.
595 490 686 512 sequentis
694 490 759 507 sticho-

168 516 247 537 mythiae
261 522 302 538 pars
316 519 362 533 suut.
377 517 439 533 eodem
451 517 489 533 Alc.
501 516 545 533 1119
557 522 595 538 sqq.
609 516 697 538 pertinere
709 520 758 538 puto,

168 543 198 560 ubi
210 543 297 560 Admetus
311 543 365 564 longa
377 548 417 559 cum
431 543 509 560 Hercule
520 543 635 560 altercatione
646 544 692 560 iacta
705 549 758 565 aegre

168 572 271 590 commotus,
284 572 304 586 ut
316 569 413 591 mulierem,
425 575 478 591 quam
491 572 593 586 extraneam
602 575 640 587 esse
650 573 706 592 putat,
718 575 759 587 con-

168 596 227 618 tingat
239 597 347 618 domumque
359 596 440 617 deducat,
452 596 511 613 subito
523 602 596 613 uxorem
608 602 659 613 suam
670 597 757 618 agnoseit.

167 623 256 645 plerisque
276 629 318 640 vero
338 623 389 644 locis,
409 623 438 640 ubi
458 623 527 640 medius
546 623 682 645 interrumpitur
700 629 758 640 sermo

168 651 251 671 alternus,
265 650 354 667 distichon
367 650 412 667 solet
423 650 482 668 inseri.
495 650 541 667 hanc
553 653 613 667 tamen
624 650 710 667 rationem
723 650 758 667 nisi

167 677 209 695 illis.
228 683 273 699 quos
293 683 333 694 cum
353 680 390 694 arte
410 678 486 699 quadam
504 677 579 699 partitos
597 683 617 694 ac
635 677 702 694 divisos
719 683 758 694 esse

168 704 295 725 intelleximus,
313 704 356 721 locis
373 705 472 726 Aeschylus
490 710 525 721 non
541 704 627 726 suscepit,
643 704 709 726 quippe
727 704 758 726 qui

168 736 229 747 omnes
243 734 311 749 ceteras
325 731 460 752 stichomythias
472 731 576 753 simpliciter
588 731 713 753 composuerit,
732 731 757 747 ita

168 760 188 774 ut
206 763 240 774 una
258 758 347 774 sententia
363 763 394 779 per
411 763 473 774 omnes
490 763 552 775 versus
569 758 591 774 ab
603 758 654 774 initio
666 763 723 779 usque
735 757 757 774 ad

168 784 222 800 {inem
241 788 330 806 regnaret.
350 785 397 806 apud
415 784 521 806 Sophoclem
540 784 634 806 praecipue
652 784 670 801 in
688 784 758 806 Oedipo

169 811 219 832 Rege
238 811 292 827 huius
311 811 336 827 rei
356 812 437 833 exempla
457 811 544 833 quaedam
562 814 657 828 occurrunt
672 811 757 827 memoria

169 837 302 859 diguissima.¹³)
314 838 379 854 etenim
391 838 522 859 srsthomyffiia,
534 843 579 860 quae
588 838 609 855 fit
617 838 663 854 inter
670 842 732 859 regem
740 839 760 854 et

168 863 255 881 Tiresiam
267 864 286 881 in
298 870 314 881 v.
323 864 356 881 356
364 870 406 886 sqq„
419 865 500 882 turbatur
508 865 577 882 duobus
585 865 671 886 versibus,
682 865 758 881 simulac

168 891 217 908 xixae
234 894 295 913 partae
312 894 360 912 surm
378 897 436 913 neque
452 892 474 908 ob
490 892 543 908 aliam
561 897 633 908 causam
648 898 663 908 v.
675 891 709 908 557
720 897 757 913 sqq.

168 917 321 940 interrumpuntur
336 918 405 935 duobus
419 918 499 935 distichis
511 918 587 935 insertis.
601 921 692 940 praeterea
705 918 725 935 O.
738 918 757 935 C.

167 946 200 963 079
219 952 257 968 sqq.
277 946 312 963 huc
331 946 419 968 pertinere
439 945 517 967 adparet.
536 951 598 962 verum
620 951 643 962 ne
663 945 758 967 Euripides

168 974 244 996 quidem,
256 973 338 995 quamvis
350 978 423 990 severus
435 972 453 989 in
462 972 589 994 stichomythia
597 972 723 994 componenda,
735 972 758 988 ab

168 1001 202 1017 hac
221 1000 289 1017 ratione
309 999 389 1016 discedit,
409 999 485 1021 primum
505 999 552 1016 euim
572 999 589 1015 in
608 999 636 1016 El.
657 998 700 1015 1116
720 1004 757 1020 sqq.

168 1027 254 1044 sermonis
267 1027 314 1043 vices
326 1026 394 1048 aliquot
404 1026 485 1043 versibus
494 1026 597 1048 interrumpi
606 1026 693 1046 videmus,
705 1025 758 1047 quod,

168 1054 210 1071 duiu
218 1059 276 1070 sermo
283 1054 304 1070 de
311 1056 363 1075 partu
370 1053 452 1070 Electrae
459 1053 537 1070 instante
543 1053 624 1073 exoritur,
633 1058 680 1070 nova
688 1052 758 1069 dicendi

168 1081 241 1097 materia
250 1081 333 1097 adfertur.
341 1080 431 1097 simillime
439 1080 458 1096 iu
467 1080 532 1096 Phoen.
541 1085 557 1096 v.
567 1079 599 1096 903
607 1085 645 1102 sqq.
654 1082 672 1096 et
680 1079 711 1096 911
719 1085 758 1101 sqq.

168 1108 299 1129 interrumpunt
313 1107 466 1128 stiehomythiam,
480 1112 525 1128 quae
537 1109 565 1123 est
576 1106 622 1123 iuter
634 1106 728 1123 Creontem
740 1108 760 1123 et
