838 1317
394 107 504 124 -14-

154 166 207 182 quam
220 161 307 177 rationem
325 160 375 177 cuius
392 160 469 182 primuni
487 161 589 183 exemplum
607 161 709 178 invenimus
725 161 743 178 iu

152 187 236 208 Aeschyli
248 187 291 204 Cho.
304 186 341 208 779,
353 187 457 209 Euripidem
465 187 538 204 omnino
550 187 643 209 repudiare
655 188 742 205 videmus.

154 214 184 230 sed
201 214 255 231 etiam
271 214 324 231 aliam
336 220 373 231 rem
385 214 490 236 Sophocles,
508 214 558 231 cuius
571 219 668 236 permagna
681 217 708 231 est
719 215 745 231 in-

154 240 236 257 veniendi
248 241 324 261 ubertas,
336 241 448 262 excogitasse
456 241 533 262 videturq
545 241 611 258 etenim
620 241 689 263 aliquot
696 241 745 262 locis,

154 267 184 284 ubi
196 273 218 284 ex
230 267 284 284 alacri
295 273 376 284 sermone
388 267 457 284 alterno
468 267 519 289 quasi
532 267 620 289 gradatim
632 268 654 284 ad
665 268 745 285 sedatius

154 294 268 316 conloquium
297 294 389 315 transitur,
416 294 562 315 stichomythiam
587 294 677 311 schemate
701 294 744 311 2-1

154 320 228 338 clauditt
246 320 275 338 Tr.
290 320 339 342 1126,
357 320 401 338 Phil.
413 320 440 342 34,
458 321 478 338 Ο.
490 321 509 338 C.
521 320 547 338 27.
565 326 610 343 quae
628 321 745 338 conformatio

154 347 236 369 quamvis
256 353 314 369 neque
333 348 355 364 ab
374 348 463 369 Aeschylo
482 353 540 370 neque
560 348 578 364 in
598 348 701 365 universum
722 348 745 365 ab

155 374 240 396 Euripide
257 374 367 395 adhibeatur,
385 376 444 391 tamen
463 375 484 391 ab
497 374 582 396 Euripide
600 380 646 395 sene¹
664 380 704 391 curn
722 375 744 391 ad

155 401 259 423 antiquioris
272 401 374 423 tragoediae
386 406 453 418 morem
464 401 522 418 denuo
531 407 569 418 sese
577 401 678 423 adplicaret,
690 402 745 418 semel

155 427 225 444 videtur
238 430 308 450 recepta
321 433 359 444 esse
370 428 389 444 in
402 428 465 445 Bacch.
477 427 510 444 842
522 428 583 450 sqq.¹³)

208 455 275 471 Amant
292 454 368 476 denique
385 457 449 477 poetae
467 455 535 477 aliquot
549 455 592 471 locis
606 455 638 471 fini
650 455 745 476 stichomy-

156 481 203 498 thiae
223 481 322 503 adiungere
342 481 437 503 antjlabas,
457 481 479 498 de
499 481 563 503 quibus
581 482 680 498 accuratius
698 487 746 498 nunc

156 508 246 530 agendum
258 510 291 525 est.
303 508 350 530 apud
360 508 468 529 Aeschylum
481 514 512 525 eae
524 508 597 525 omuino
607 514 643 525 non
651 511 745 525 occurrunt

155 534 189 551 nisi
203 534 221 551 in
237 534 296 551 media
307 534 435 556 stichornythia
447 535 465 551 in
478 535 535 551 Prom.
547 534 587 556 980,
604 540 656 557 quem
669 541 745 556 versum,

155 561 202 578 sicut
214 561 289 578 traditus
300 563 330 582 est,
342 561 408 578 servari
417 564 487 583 oportet
495 561 568 583 perinde
576 564 630 583 atque
639 563 651 578 Ι.
659 562 699 578 Aul.
708 561 745 582 310,

155 588 184 609 qui
197 588 250 604 simili
263 588 333 604 cuidam
346 588 446 605 animorum
458 588 554 605 adiectioui
566 588 653 610 originem
662 588 745 610 debet¹⁴);

156 620 218 631 verum
240 614 333 631 continuas
356 614 443 631 antilabas
463 620 528 636 easque
547 615 570 632 ad
589 615 745 637 stichomythicmn

156 642 231 658 formam
251 642 324 663 propius
341 641 445 658 accedentes
457 642 556 663 Aeschylus
573 642 650 658 noudum
668 642 746 658 exhibet.

156 669 200 685 tales
209 671 269 685 autem
277 668 324 689 apud
331 668 437 690 Sophoclem
445 668 462 685 in
469 668 552 685 omnibus
559 671 629 690 praeter
635 669 744 690 Antigonam

157 695 253 717 tragoediis
270 698 371 716 occurrunt,
389 700 411 712 ex
430 695 531 717 Euripideis
549 695 645 717 tragoediis
664 695 745 714 Alcestis,

157 722 224 743 Medea,
236 721 351 743 Hippolytus,
363 722 492 743 Andromacha,
502 722 613 743 Heraclidae,
625 722 635 739 i.
648 728 662 739 e.
675 722 746 739 fabulae

156 748 272 771 antiquiores,
290 751 307 765 et
319 754 341 765 ex
354 749 480 770 posterioribus
493 748 572 765 Troades
584 749 609 765 eis
621 751 686 766 carent.
702 749 746 765 anti-

156 775 242 798 quissima
254 775 310 797 igitur
318 775 399 797 exempla
408 775 426 792 in
436 776 479 792 Hec.
489 774 532 792 1283
540 781 566 797 sq⁴
575 778 592 792 et
600 776 618 792 iu
628 776 670 792 Her⁴
681 775 746 792 1417-

157 801 201 819 1421
217 801 293 819 inveniri
310 801 371 819 docuit
382 802 501 819 Wilamowitz
516 802 534 818 in
546 800 603 819 ‘Anah
615 800 663 820 Eur.’
680 808 697 824 p.
710 802 746 823 195,

157 828 273 851 paucissimos
285 834 328 845 sane
340 834 402 845 versus
414 831 432 846 et
444 829 461 845 in
474 829 555 850 integrae
566 829 703 850 stiehornythiae
711 829 747 846 fine

157 856 228 878 positos,
240 856 341 877 §requenter
353 858 412 872 autem
426 858 520 877 usurpatas
532 861 571 872 esse
582 861 612 872 eas
624 855 642 872 iu
656 855 747 877 Euripidis

157 882 221 899 tabulis
233 882 304 899 Electra
321 882 448 904 posterioribus
463 885 481 899 et
492 882 510 899 in
523 883 572 903 Ione,
590 888 610 899 ac
621 882 716 904 praecipue
728 882 746 899 in

158 909 264 927 tetrametris
277 909 374 929 trochaicis,
387 909 451 931 quibus
459 909 557 931 Sophocles
569 914 604 926 non
616 908 655 926 siue
663 909 748 926 antilabis

157 936 192 953 iam
204 936 223 953 in
235 936 304 958 Oedipo
313 936 368 957 Rege,
380 936 398 952 in
409 936 487 952 Hercule
499 936 571 952 demum
584 938 602 952 et
613 936 651 952 sine
664 935 747 952 antilabis

157 969 200 980 usus
214 965 260 980 esset
272 963 372 984 Euripides.
389 962 444 979 series
458 965 518 979 autem
530 962 649 979 antilflbarum
662 968 697 979 una
710 968 747 984 per-

157 990 244 1012 petuitate
263 990 286 1006 ad
305 990 359 1006 finem
379 989 511 1006 decurrentium
532 989 603 1011 saepius
622 995 658 1006 uno
676 989 747 1010 integro

158 1022 209 1034 versu
222 1016 318 1033 clauditur:
331 1016 358 1033 Αἰ,
371 1015 408 1037 595,
421 1016 441 1033 Ο.
451 1017 472 1033 R.
484 1015 522 1037 650,
534 1015 582 1037 1177,
595 1015 643 1037 1523,
657 1016 678 1033 Ο.
686 1016 704 1033 C⁴
713 1015 746 1032 334

158 1044 223 1060 l’hoen⁴
235 1042 284 1060 1279.
302 1043 361 1060 omnia
376 1048 418 1060 vero
432 1043 476 1060 haec
490 1049 531 1060 cum
546 1047 637 1065 tamquam
649 1043 707 1060 obiter
718 1043 748 1059 ad-

158 1070 258 1092 tigerimus,
275 1070 297 1087 de
315 1070 340 1087 eis
358 1072 428 1087 tautum
445 1070 528 1087 antilflbis
543 1069 643 1087 accuratius
659 1069 717 1086 dicere
729 1069 747 1086 in

157 1097 217 1114 animo
236 1099 269 1118 est,
289 1102 334 1119 quae
351 1097 451 1119 longiorem
469 1096 615 1118 stichomythiam
633 1096 747 1113 concludunt.
