838 1317
316 116 424 133 -23-

74 177 141 194 genera
157 171 176 188 in
194 170 262 187 ultimis
279 170 343 187 fabulis
359 171 478 192 luxuriantur,
496 174 515 188 ut
527 177 589 189 severa
600 172 665 190 sticho-

74 198 143 220 mythia
161 203 200 214 raro
217 201 302 224 opcurrat.
320 198 380 220 itaque
396 198 475 220 exceptis
489 199 584 216 dumtaxat
596 199 664 216 ultimis

74 225 209 242 Trachiniarum
217 224 285 241 scaenis
290 225 370 246 integras
376 225 512 246 stiehomythias
519 231 554 242 non
561 226 622 243 inveni
629 226 664 243 nisi

74 253 93 269 in
106 252 150 269 Phil*
162 251 258 272 loo-122,
274 251 389 272 1224-1246,
403 251 517 273 1380-1392,
529 253 549 270 Ο.
563 253 580 270 C.
593 252 664 274 64—76,

74 278 170 297 642-655.
184 284 249 300 easque
263 278 382 295 brevissimas⁴
400 284 461 295 verum
474 282 545 301 propter
557 285 619 296 omnes
631 280 664 297 has

74 311 137 322 causas
152 305 233 326 diverbii,
250 305 297 327 quod
314 311 355 322 vere
372 305 489 322 dramaticum
504 306 559 327 possit
574 306 663 328 adpellari,

74 333 185 349 inventorem
198 332 304 354 Sophoclem
319 332 372 349 fuisse
384 333 521 354 proclamamus,
535 338 588 355 quem
600 333 633 350 hac
645 333 662 350 iu

73 365 92 376 re
108 365 165 381 neque
177 359 275 380 Aeschylus
293 359 384 381 superavit
396 365 454 381 neque
466 360 565 381 Euripides,
581 360 663 382 quamvis

75 387 136 403 multis
144 386 166 403 de
174 386 232 403 causis
241 386 256 402 ei
265 386 319 407 longe
327 386 457 407 praeferendus,
465 392 544 408 unquam
551 387 663 409 adaequavit.

74 414 139 435 ingens
157 416 216 430 autem
233 413 263 429 illa
280 413 354 430 diverbii
367 413 459 435 Sophoclei
472 414 550 435 gravitas
563 415 609 430 uude
621 418 663 431 nata

73 440 103 461 sit,
123 443 184 462 postea
203 440 221 456 in
241 440 275 456 alia
295 440 399 461 quaestione
418 441 509 457 tractanda
527 441 580 457 etiarn
599 441 662 458 clarius

74 470 186 489 perspectum
199 467 219 483 in*
232 472 288 488 spero.

128 494 164 511 Sed
181 494 203 510 ab
214 494 262 510 omni
275 494 308 511 hac
319 494 399 515 licentia,
416 494 444 510 cui
456 494 474 510 in
487 494 554 511 ultimis
566 495 663 516 ‘tragoediis

73 521 157 542 indulget
165 521 265 542 Sophocles,
278 521 373 542 Euripides
381 526 452 542 prorsus
460 526 479 538 se
487 521 578 538 abstinui«.
591 521 606 538 is
615 521 661 538 euim

74 550 144 570 praeter
155 553 221 570 paucos
233 548 288 568 locos,
303 548 333 570 qni
346 548 367 564 ad
380 548 498 569 Aeschyleum
511 554 577 565 morem
590 548 662 570 propius

73 575 167 596 accedunt,
186 575 293 596 peculiarem
312 574 401 596 quandam
420 575 498 591 excoluit
515 578 580 592 artem:
597 575 663 597 qnippe

73 602 163 618 interdum
178 601 245 618 turbari
257 601 299 618 sinit
311 601 449 623 stichomythiae
461 602 604 623 perpetuitatem,
622 607 662 618 cum

74 634 189 650 personarum
201 631 260 645 motus
269 628 323 650 aliqui
333 631 430 650 gestusque
438 628 537 650 longiorem
545 628 564 644 in
573 628 663 645 recitando

74 655 112 672 fieri
128 661 202 677 pausam
217 656 314 677 postulant.
331 656 442 672 luculentum
459 655 512 672 huius
524 655 549 672 rei
561 655 662 677 exemplum

74 682 128 699 habes
141 682 159 698 iu
171 682 198 700 El.
210 682 243 699 555
255 687 297 704 sqq,
310 682 340 703 qui
353 688 414 699 versus
427 682 525 703 turbantur,
537 682 579 698 dum
591 682 662 699 Orestes

74 709 126 726 valde
144 709 203 726 mirari
220 715 258 726 sese
270 709 364 726 confitetur
376 709 404 731 (εἰ.
417 708 450 730 ἔα),
468 714 499 725 cur
511 714 565 725 senex
577 714 595 725 se
607 709 663 725 oculis

74 739 165 758 tamquam
183 736 276 758 perfodiat>
294 736 387 753 turbantur
405 736 458 752 etiam
472 736 515 752 Her.
531 741 546 752 v.
565 734 608 751 1394
624 740 662 757 sqq.

73 763 143 779 duobus
160 763 246 784 versibus,
266 763 307 785 quia
325 763 359 779 iarn
376 763 486 784 profecturus
503 765 530 779 est
545 762 604 783 heros,
622 767 661 778 cum

73 793 143 811 patrem
163 795 222 806 senem
243 790 354 811 conspicium
372 789 413 811 quid
432 789 479 811 qnod
496 789 515 806 in
531 790 544 805 Ι.
560 788 581 805 ΤΔ
599 788 621 805 69
637 794 663 810 sq.

73 816 147 833 Orestes
158 816 202 833 duos
214 816 309 833 continuos
320 816 399 838 loquitur
411 821 477 836 versus,
492 815 575 838 quoniam
588 821 662 837 pausam

73 843 111 859 fieri
130 848 201 860 necesse
217 845 248 864 est,
263 843 306 859 dum
323 845 341 859 et
356 843 393 864 ipse
406 845 424 859 et
437 843 510 864 Pylades
522 842 577 859 oculis
590 842 663 859 eircum—

72 870 156 891 spiciunt,
168 875 210 886 num
223 870 262 891 quis
274 870 297 886 de
308 870 404 892 improviso
417 876 436 886 se
447 869 588 891 adgrediaturss)
600 869 661 886 eadem

73 897 126 913 venia
149 897 250 913 conceditur
272 897 381 918 interruptae
402 896 539 917 stichomythiae
560 896 578 913 in
599 896 661 913 Bacch.

72 922 107 940 930
124 924 189 945 sqq<²⁶)r
207 929 262 940 unum
281 929 323 940 vero
338 923 440 940 huiusmodi
453 923 554 945 exemplum
566 923 601 939 iam
614 923 661 944 apud

72 950 181 971 Aeschylum
190 950 207 966 in
217 950 272 972 Supp.
282 949 314 966 204
321 956 357 972 sqq.
365 955 392 966 me
398 949 487 966 invenisse
494 950 549 970 credo,
558 949 588 966 ubi
595 949 661 966 turbari

73 977 144 993 videtur
152 977 278 998 stichomythia
284 977 353 994 duobus
360 976 445 997 versibus,
454 976 495 998 quia
502 976 566 993 chorus
573 976 590 993 in
597 982 661 993 saxum

72 1004 179 1023 escendit.²⁷)
196 1007 274 1020 ceterum
290 1004 344 1020 semel
361 1004 413 1020 etiam
426 1003 523 1025 Sophocles
535 1003 597 1020 eodem
609 1003 662 1020 modo

72 1030 116 1051 egit.
129 1036 206 1052 uanaque
218 1031 237 1047 in
249 1031 276 1047 Αἰ.
289 1030 321 1047 529
330 1036 367 1052 sqq.
376 1036 438 1047 severa
446 1030 572 1052 stichoiuythia
581 1030 662 1047 turbatur

72 1063 90 1074 v.
106 1056 137 1073 541
153 1062 186 1079 sq„
204 1057 244 1079 quia
259 1057 355 1078 Tem-nessa
367 1057 469 1078 Eurysacen
487 1057 581 1079 parvulum
598 1056 661 1073 adduci

72 1083 128 1105 iubet;
146 1084 308 1100 iubenturautem
325 1089 411 1106 personae
429 1084 515 1106 quaedam
533 1087 599 1104 mutae,
616 1089 661 1105 quae
