838 1317
333 108 443 125 -25-

93 162 127 179 hoc
142 164 201 179 tamen
217 162 326 178 monendum
339 164 366 179 est
377 162 514 184 Aristophanem
527 162 631 184 neutiquam
643 168 683 179 con-

93 189 153 210 tineri,
170 189 213 211 quin
231 194 294 206 versus
309 189 382 205 licenter
394 189 481 210 discerpat
494 191 525 205 aut
537 189 682 210 stichomythiam

93 216 211 237 interrumpat
223 216 305 237 quamvis
318 215 448 233 brevissimam;
465 215 530 237 quippe
542 215 590 238 omni
603 218 683 237 tempore

93 242 185 259 comoedia
204 242 264 259 omnia
282 242 353 259 vincula
371 242 470 264 perfringit,
490 245 511 259 ut
526 242 572 259 risus
590 245 683 259 moveatur

92 269 211 291 plausumque
222 269 265 286 dent
277 269 371 285 auditores.

147 296 178 313 1v.
190 296 228 312 Iam
237 301 259 312 eo
267 297 373 317 perventum
382 298 413 316 est,
422 298 442 312 nt
450 295 519 312 munita
527 301 572 317 quae
579 301 610 317 per
617 296 682 313 multas

94 322 188 344 angustias
200 322 320 344 materiaeque
329 322 433 344 asperitates
441 328 474 339 nos
482 322 601 339 circumduxit
608 322 638 339 via
646 323 681 340 iam

93 349 188 366 dicendum
199 349 223 366 sit
234 349 256 366 de
268 349 298 370 eis,
310 354 356 371 quae
368 354 390 365 ex
402 349 436 366 hac
447 349 568 371 disputatione
576 349 682 371 efficiuntur,

93 382 139 398 quae
156 376 234 398 proiecto
251 381 287 392 non
305 376 356 397 parvi
371 378 423 392 erunt
437 376 527 393 momenti.
552 376 682 393 vetustissimas

93 403 141 420 enim
149 403 231 424 Aeschyli
240 402 341 424 tragoedias
349 402 454 424 perscrutati
463 408 494 424 pro
503 405 551 419 certo
558 403 682 424 cognoscimus

93 429 128 446 tria
136 435 174 446 esse
182 430 274 449 elementa,
285 429 349 451 quibus
357 429 456 446 coniunctis
465 434 485 446 ac
493 429 581 446 contextis
589 432 682 451 susceptae

93 458 112 473 et
128 456 146 473 iu
161 456 219 473 lucem
234 456 292 473 editae
306 456 346 473 siut.
369 456 472 477 primarium
487 456 545 472 locum
560 459 621 473 tenent
633 456 682 473 chori

93 483 168 504 cantica,
179 488 225 504 quae
233 488 243 499 e
251 483 368 504 dithyrambo,
380 482 410 504 qui
419 483 441 499 ab
450 482 545 499 Aristotele
553 485 631 504 vocatur,
643 485 682 500 orta

93 509 176 526 melicam
188 509 275 531 originem
289 515 330 531 prae
342 515 362 526 se
373 509 436 526 ierunt*
460 515 505 531 quae
516 514 544 526 res
556 509 634 526 maxime
642 515 682 526 con-

93 536 155 557 spicua
167 538 193 553 est
205 536 222 553 in
235 536 356 558 Supplicibus,
373 542 418 558 quac
430 536 523 557 tragoedia
535 539 582 553 certe
594 542 629 553 non
642 538 681 558 post

93 562 201 580 Salaminiae
212 568 285 584 pugnae
293 565 372 585 tempora
381 564 443 583 acta⁴³)
451 562 532 579 sublimis
540 563 590 584 lyrici
599 563 681 580 carminis

93 589 151 611 magis
163 589 218 606 instar
230 595 269 606 esse
282 589 351 606 videtur
363 595 416 611 quam
427 589 518 610 dramatis,
529 590 632 611 praesertim
640 595 680 606 cnm

94 619 114 633 ut
122 616 204 637 trilogiae
212 616 269 638 prima
275 621 316 638 pars
322 616 366 633 nihil
373 616 408 633 iere
415 616 499 638 praebeat
505 616 539 632 nisi
546 616 680 638 expositionem.

93 643 180 660 accedunt
197 643 219 660 ad
237 642 286 660 chori
304 643 372 660 cantica
390 640 447 665 ῥήσεις
465 643 535 664 actorisy
553 648 598 665 quae
612 649 634 660 ex
646 643 682 660 alio

93 670 142 686 fonte
158 672 259 690 manarunt;
277 670 343 687 etenim
361 670 429 692 epicam
447 675 476 686 eas
488 670 552 686 ducere
564 670 651 692 originem
663 673 681 687 et

93 696 161 713 ratione
175 696 244 713 dicendi
258 699 276 713 er
290 696 372 713 admissis
385 696 466 713 ionismis
480 697 570 718 epicorum
582 697 680 714 carminum

92 723 167 745 propriis
179 723 222 740 satis
234 723 326 745 probatum
341 728 361 740 ac
373 725 443 745 recepta
455 723 527 740 demum
539 723 609 740 heroica
621 724 681 740 fabula

93 750 203 771 Phrynichus
215 750 348 772 Aeschylnsque
366 755 426 767 veram
444 750 554 771 tragoediam
572 753 681 767 creaverunt.

91 777 122 793 sed
135 779 155 793 ut
167 777 223 798 prima
235 776 279 793 haec
291 780 309 793 et
316 776 409 798 potissima
417 777 520 798 tragoediae
528 777 620 797 elementa„
632 777 681 794 chori

91 803 180 820 canticum
198 803 237 820 dico
253 806 272 820 et
285 803 404 820 narrationem
416 803 488 824 acturis,
506 803 593 820 artissime
604 804 650 820 inter
662 809 681 820 se

92 830 266 851 conglutinarentur,
283 830 354 847 tertium
370 830 437 852 aliquid
452 830 542 847 accederet
554 835 626 847 necesse
638 833 681 852 erat,

92 857 139 878 quod
157 857 223 874 vinculi
241 857 297 874 instar
315 857 384 874 diversa
402 857 446 874 haec
459 862 525 878 genera
536 857 639 878 contineret,
656 857 681 874 di-

91 883 172 900 verbium
186 883 225 900 dico
237 884 283 901 inter
295 884 367 900 chorum
380 886 398 901 et
410 886 492 900 actorem.
516 884 576 905 itaque
588 886 620 900 aut
631 886 681 901 actor

91 910 130 932 ipse
142 912 195 927 cantu
208 910 281 927 canticis
293 910 341 927 chori
353 910 460 932 respondere
468 910 547 931 debebat,
559 910 577 927 id
586 910 633 932 quod
642 911 679 927 fieri

91 937 172 954 videmus
189 937 207 953 in
220 937 331 958 Bacchylidis
341 937 424 957 ‚carmine
440 937 486 958 quod
501 937 603 953 inscribitur
616 937 681 959 Θησεύς

91 964 170 985 (XVIII),
182 964 212 980 ubi
220 965 292 986 Aegeus
305 967 323 981 et
332 964 380 980 cives
388 963 506 980 Athenienses
514 966 590 985 quatuor
598 964 680 985 strophas

91 991 110 1007 in
122 990 179 1007 vicem
191 993 262 1012 canunt,
274 993 306 1008 aut
317 991 381 1008 chorus
393 993 411 1007 et
418 991 457 1012 ipse
465 990 533 1007 iambos
541 990 580 1007 sive
588 991 680 1007 trochaeos

91 1017 169 1034 recitare.
189 1020 280 1035 cantatum
293 1018 337 1034 illud
349 1017 448 1034 diverbium
460 1022 503 1034 num
511 1017 530 1033 in
539 1017 629 1039 tragoedia
638 1020 680 1034 ante

91 1044 199 1065 Aeschylum
208 1045 261 1061 latius
270 1044 352 1066 patuerit,
364 1044 458 1065 nescimus
470 1046 517 1060 certe
525 1049 619 1064 commum,
627 1049 679 1065 quem

91 1071 126 1088 iam
141 1071 159 1087 in
171 1071 285 1093 supplicibus
298 1071 341 1088 satis
353 1071 444 1088 excultum
456 1071 542 1091 videmus,
560 1070 626 1087 cantati
639 1070 679 1087 talis

90 1097 166 1114 diverbii
185 1098 275 1119 specimen
294 1103 333 1114 esse
352 1103 388 1114 non
407 1097 446 1114 sine
464 1097 589 1119 probabilitate
606 1099 679 1114 statuas.
