838 1317
416 109 513 126 -3-

168 164 217 181 illinc
224 164 298 186 adrepta
306 164 352 180 male
360 163 455 186 disposuitq
466 169 508 180 narn
517 169 563 185 quae
571 166 622 180 erant
630 164 760 186 coniungenda,

168 190 282 208 divelluntur.
301 190 319 207 hi
337 196 399 207 omnes
411 196 473 207 vereor
490 193 511 207 ut
526 196 564 207 rem
582 193 629 207 recte
643 190 760 213 instituerint3

168 217 199 234 sed
211 217 268 234 multo
280 217 339 239 magis
348 223 431 239 peccasse
442 222 481 234 reor
489 222 524 238 ωε,
536 217 565 239 qui
574 217 592 233 in
601 217 685 234 diverbiis
693 217 760 239 ubique

168 242 248 261 ‘tacitam
266 242 384 261 harmoniam'
399 250 418 261 se
433 244 494 261 audire
505 243 605 265 adfirmant,
623 249 669 266 qnae
680 241 717 266 ‘per
729 249 761 261 nu-

168 276 227 287 meros
240 276 323 288 versuum
336 268 418 288 tintinet'.
431 271 477 287 hanc
489 276 525 287 rem
532 270 601 292 primus
609 270 627 287 in
636 271 759 292 quaestionem

169 297 241 315 vocavit
262 297 339 318 Ritschl,
358 298 388 319 qui
411 297 430 314 in
448 297 507 314 tabula
527 303 573 319 quae
593 299 666 314 vocatur
685 297 759 319 Septem

169 324 254 341 adversus
269 323 340 341 Thebas
357 327 414 341 certas
432 330 516 341 versuum
535 324 658 346 responsiones
669 323 761 341 invenisse

169 351 202 368 sibi
215 351 264 368 visus
277 353 308 368 est.
323 356 345 368 ex
358 356 392 373 quo
405 353 484 373 tempore
496 351 562 367 facturn
575 353 606 372 est,
619 353 639 367 ut
651 351 668 367 in
677 351 761 367 omnibus

170 378 266 400 tragoediis
285 377 365 395 diverbia
386 378 404 394 in
428 380 485 395 certas
504 378 629 399 responsiones
649 379 760 399 cogerentur.

170 410 215 426 quae
232 405 340 426 simulatque
358 406 453 421 contextus
468 410 490 421 ex
507 404 581 421 libidine
596 406 716 421 commutatus
729 406 761 425 est,

169 431 230 448 statim
254 432 345 453 adparent.
373 434 427 453 atque
449 436 509 448 eorum
532 431 610 453 quidem,
632 431 661 452 qui
683 431 760 447 multum

170 458 225 475 studii
237 458 279 475 huic
291 458 315 475 rei
324 458 453 480 impenderunt,
465 458 538 475 nomina
546 458 626 475 invenies
635 458 653 474 in
662 457 762 474 Czwnlinae

170 485 296 507 disputationis
307 483 336 501 ‘de
348 485 390 502 Eur.
403 485 467 502 studiis
480 482 573 506 aequabil)
591 485 640 501 Bonn
653 483 697 501 1867
712 489 762 506 prae-

171 512 243 533 fatione;
256 517 331 533 quorum
344 511 422 528 maxime
434 512 507 528 sedulus
519 511 573 528 inisse
586 511 656 528 videtur
668 511 715 532 Oeri,
730 511 760 533 qui

170 539 188 555 in
203 538 327 555 dissertatione
342 536 500 560 ‘Interpolationen
513 538 549 555 und
566 538 676 560 Responsion
693 538 712 554 in
726 538 760 554 den

171 565 280 582 iambischen
294 565 373 581 Partieen
386 565 418 581 der
432 562 562 581 Andromache'
580 565 634 581 totius
652 565 722 581 {abulae
736 570 762 581 re-

171 592 235 608 citatos
252 591 321 608 iambos
338 592 416 613 exceptis
429 591 459 612 eis,
472 591 536 613 quibus
554 592 639 614 prologus
652 591 761 613 compositus

171 621 202 640 est,
219 618 238 635 in
256 618 339 640 aequales
356 624 439 635 senorum
458 623 542 635 versuum
561 620 620 640 partes
638 618 693 635 dividi
709 623 761 640 posse

171 646 258 668 opinatur.
278 645 324 668 quod
345 650 387 662 vero
407 645 460 662 etiam
481 645 554 662 Weilius
574 647 592 662 et
612 645 708 666 Hirzelius,
728 644 761 661 viri

172 673 252 689 doctrina
267 672 332 693 eximii,
349 672 461 694 aliquantum
480 672 522 689 huic
533 672 587 689 errori
599 672 716 692 indulserunt,
732 671 763 688 do-

172 699 244 716 lendum
256 702 288 716 est.
301 701 357 715 totam
370 699 416 715 enim
429 699 476 715 hanc
487 704 524 715 rem
536 704 546 715 e
558 699 607 715 fumo
618 700 698 715 constare
710 698 762 714 facile

171 729 230 748 potest
247 726 324 748 probari;
340 731 381 742 nam
394 725 409 742 si
428 725 467 747 quis
479 726 513 742 hac
530 725 599 742 ratione
610 730 671 742 omnes
688 730 762 741 scaenas

172 753 270 774 discerpere
287 752 370 773 institnit,
388 752 410 769 ad
427 752 522 773 mysticum
539 752 626 773 quendam
647 757 761 768 numerorum

172 779 235 796 ludum
247 779 367 801 recipiendum
380 779 431 796 facile
443 779 531 801 patefiunt
539 781 607 800 portae;
619 780 655 795 tam
664 783 761 800 paucorum

172 806 219 823 enirn
226 811 310 823 versuum
317 806 384 822 finibus
392 808 456 828 poetae
464 806 545 827 singulas
553 805 651 822 sententias
657 805 762 826 plerumque

172 833 231 850 solent
242 833 389 853 circumscribere,
404 835 424 849 ut
438 832 490 849 alicui
502 837 587 849 versuum
599 837 673 848 numero
685 831 761 848 eundem

173 860 248 877 aliorum
257 865 350 876 nnmerum
359 859 465 882 respondere
473 864 545 881 prorsus
553 864 625 875 necesse
633 858 661 875 sit.
672 860 762 879 uteunque

173 889 232 904 auten-1
250 892 278 903 res
292 891 312 903 se
327 886 386 907 habet,
403 891 457 908 quam
472 886 564 903 scientiam
576 886 601 902 illi
619 885 717 902 condidisse
729 884 763 901 sibi

173 913 257 930 videntur
269 918 339 934 novam,
351 913 418 930 nullam
429 918 469 929 eam
481 918 519 930 esse
531 918 589 935 neque
601 912 673 929 omniuo
685 912 706 928 de
715 911 763 928 omni

173 940 204 957 illa
215 940 319 962 quaestione
332 940 388 957 ullum
401 940 478 957 fructum
491 940 529 961 capi
541 945 593 961 posse
603 939 683 955 arbitror.
695 941 764 955 ceteros

172 967 231 988 libros,
244 972 288 989 quos
300 967 374 989 inspexi,
387 972 419 983 sno
432 972 520 989 quemque
532 966 571 982 loco
583 965 646 982 citabo.

228 994 285 1010 Aliam
303 994 359 1016 igitur
376 994 424 1010 viam
437 999 471 1015 ego
482 992 578 1014 ingrediar.
592 992 614 1009 de
625 992 764 1013 stichomythiae

174 1023 238 1037 natum
256 1023 309 1043 atque
327 1023 371 1041 ortu,
383 1020 471 1042 -qnamvis
483 1019 501 1036 id
514 1019 608 1041 praecipue
620 1019 671 1036 initio
683 1018 764 1041 opusculi

173 1050 236 1069 aptum
254 1047 340 1068 videatur,
357 1047 434 1069 primurn
455 1052 490 1063 non
508 1046 576 1068 loquar;
597 1046 662 1068 quippe
682 1046 765 1062 tenebras

174 1080 209 1091 non
222 1074 316 1096 ingrediar,
328 1074 430 1096 prinsquam
443 1073 475 1090 lux
485 1072 528 1089 mihi
538 1072 633 1093 adfulserit,
645 1072 718 1094 quaein
727 1074 764 1088 tarn

174 1101 243 1118 abditas
255 1101 370 1122 occultasque
382 1105 410 1117 rne
422 1100 476 1116 ducat
487 1099 576 1121 regiones.
594 1099 640 1116 hnnc
652 1104 694 1116 vero
705 1099 764 1115 lucem
