838 1317
128 329 149 345 In
160 327 287 345 vetustissimis
299 327 396 350 tragoediis
406 327 480 345 Graecis
492 327 595 349 primarium
604 327 662 344 locum

75 358 136 373 tenent
148 355 216 372 cantica
224 355 278 372 chori.
291 355 319 377 qui
329 360 369 371 cum
377 360 388 371 a
396 360 462 376 genere
470 354 546 376 quodam
554 354 662 376 dithyrambi

75 382 155 404 Dionyso
169 382 214 399 sacri
228 382 308 398 duxisset
319 381 412 403 originem,
428 381 533 403 Dionysium
547 381 608 398 ludum
621 381 663 398 iecit

74 409 190 431 tragoediam,
204 414 249 431 quae
263 408 312 425 omni
328 411 407 431 tempore
419 408 498 425 divinam
511 414 562 425 suam
574 408 661 430 originem

74 437 152 458 professa
167 440 198 454 est.
216 437 247 453 sed
262 442 302 453 cum
316 436 399 453 subtilius
414 437 470 454 excoli
485 439 525 454 eta
536 437 611 459 pristina
623 443 663 459 gra-

74 465 130 481 vitate
148 464 206 485 magis
220 464 242 481 ad
257 464 356 481 cotidianae
370 464 418 481 vitae
432 464 570 481 eonsuetudines
584 464 663 481 revooeri

74 495 137 514 coepta
152 494 199 509 esset
214 491 311 513 tragoedia,
325 491 405 508 churicae
418 493 478 513 partes
490 496 526 507 uua
537 496 577 508 cum
590 491 662 512 musica,

74 525 120 541 quae
140 519 158 535 iu
178 518 226 535 omni
246 519 354 535 Graecorum
374 518 423 540 poesi
443 524 484 535 cum
504 521 557 535 cantu
575 518 663 535 artissime

74 546 169 563 coniuncta
188 548 230 566 erat,
250 545 337 567 paulatim
356 545 462 562 imminutae
480 547 526 561 sunt*
546 544 606 566 itaque
623 550 663 562 con-

75 572 199 589 ticescentibus
217 572 274 589 choris
293 572 361 589 musica
372 574 391 589 et
405 574 468 589 cantus
482 571 500 588 in
512 577 594 588 scaenam
608 575 663 589 trans-

74 600 111 616 lata
124 599 219 621 praecipue
233 599 252 615 in
266 599 353 615 monodiis
367 599 503 621 amoebaeisque
517 599 590 616 canticis
600 604 663 620 regna-

74 626 123 643 bant.
135 626 161 642 ita
172 626 240 647 accidit,
253 628 273 643 ut
284 626 358 642 diverbii
371 628 434 647 partes,
449 631 494 647 quae
507 632 517 643 a
528 626 602 643 recitata
614 627 662 648 poesi

74 653 134 670 lonica
148 653 215 675 petitae
232 659 254 670 ex
272 653 306 670 alio
322 653 371 670 fonte
388 656 516 675 promanarunt
530 659 583 675 quam
597 653 663 675 lyricae

75 684 138 702 panes,
155 680 212 702 primo
224 680 350 701 adcrescerent,
368 680 431 697 deinde
443 680 503 697 omnin
517 681 542 697 ita
554 683 663 702 superarent,

75 710 95 724 ut
103 707 174 724 fabulae
182 707 217 724 fere
226 707 306 729 vulgaris
314 708 362 724 vitae
369 708 467 730 imaginem
475 710 548 726 reddere
554 710 662 731 viderentur;

75 739 132 756 neque
144 734 178 751 alia
187 734 209 751 de
217 739 270 751 causa
279 734 297 751 in
305 734 395 751 hodiernis
403 741 473 757 quoque
482 737 577 758 tragoediis
588 743 662 759 regnare

74 760 174 777 diverbium
189 764 269 783 apertum
285 764 317 778 est.
333 767 395 778 verum
407 762 481 779 interest
497 763 563 784 aliquid
576 764 621 780 inter
633 764 663 781 ho—

74 788 146 804 diernae
166 788 268 809 tragoediae
289 788 323 805 hoc
343 788 443 806 diverbinm
463 792 481 806 et
500 790 546 806 inter
562 790 661 808 diverbium

75 814 156 831 sublimis
168 814 216 831 illius
227 815 264 831 ludi
276 815 309 831 deo
321 815 391 836 sacram
403 816 450 837 quod
463 821 503 833 cum
515 820 586 834 nostrae
598 818 662 834 aetatis

74 843 138 863 poetae
150 847 181 863 pro
193 847 226 858 suo
238 841 313 863 quisque
325 842 397 859 arbitrio
407 843 503 860 conficiant
514 849 572 865 neque
580 845 662 861 excolant

75 868 109 884 nisi
122 868 143 884 ad
156 868 204 884 vitae
216 868 315 885 communis
327 869 434 891 exemplum,
448 872 517 886 veteres
529 870 573 887 miro
585 871 661 892 quodam

75 894 157 911 delectati
175 895 307 917 aequabilitatis
324 896 387 916 studio,
407 896 453 918 quud
473 902 505 918 per
522 902 583 914 omnes
601 903 662 914 eorum

75 924 121 938 artes
139 921 225 938 latissime
237 924 291 943 patet,
307 922 406 939 diverbium
423 926 443 939 ut
455 923 571 940 fundamento
585 924 662 945 quodam

74 948 200 969 stichomythia
212 949 353 965 substruxeruntv

129 975 207 992 Primum
224 975 285 997 igitur,
303 978 323 993 ut
339 982 370 998 par
386 979 418 997 est,
435 976 477 998 qnid
492 976 515 993 sit
531 977 662 999 stichomythia,

74 1001 209 1024 interrogamus.
227 1005 281 1024 atque
293 1003 312 1019 in
326 1006 406 1020 veterum
421 1003 470 1020 libris
483 1004 621 1025 stichomythiae
632 1010 662 1022 vo-

74 1028 158 1045 cabulum
168 1034 203 1045 non
215 1029 275 1046 inveni
288 1033 393 1052 usurpatum
406 1030 440 1047 nisi
452 1036 462 1047 a
471 1031 546 1052 Polluce,
558 1031 588 1053 qui
599 1031 663 1048 sticho-

74 1055 154 1076 mythiae
160 1055 309 1077 simplicissimam
315 1057 361 1073 hanc
365 1057 438 1073 exhibet
443 1057 579 1079 explicationem
585 1058 615 1079 tv,
622 1057 662 1075 113:

74 1084 183 1104 στιχομυθεῖν
198 1083 217 1100 δὲ
230 1083 287 1106 ἔλεγον
301 1082 321 1100 τὸ
337 1081 378 1105 παρ’
394 1082 412 1100 ἲν
431 1083 507 1105 ἱαμβεῑον
524 1082 616 1107 ἐπιλέγειν
634 1084 661 1101 καὶ

74 1108 94 1126 τὸ
111 1111 183 1132 πρᾶγμα
200 1110 316 1131 autom-‘Diam
334 1110 364 1132 qui
382 1116 422 1127 cum
440 1110 505 1127 diserte
519 1111 584 1128 indicet
598 1111 662 1128 sticho<
