838 1317
82 183 135 194 versu
148 177 201 194 choro
214 177 280 194 tributo
291 178 373 195 lacunam
382 179 495 195 notaverunt,
519 177 548 194 sed
558 177 612 194 verba
620 176 669 200 λόγος

80 211 106 224 τις
118 204 146 226 (cf.
159 203 209 227 φάτις
221 203 261 226 294)
269 204 344 226 probant
356 204 403 226 regis
412 209 451 221 esse
459 209 534 225 versum,
546 204 600 221 verba
608 206 667 221 autem

82 229 105 253 μὴ
117 230 146 248 καί
157 230 250 247 retinenda
262 233 280 248 et
292 231 316 248 ita
329 231 433 253 explicanda
442 236 480 248 esse
488 231 567 252 arbitror,
579 233 600 247 ut
607 236 668 252 regem

81 258 103 274 ad
116 257 196 279 virgines
208 258 336 274 examinandas
348 258 381 274 sibi
390 264 410 275 ea
419 257 528 274 incredibilia
535 257 592 275 videri
600 257 668 279 lingere

81 287 148 306 putem,
161 290 206 306 quae
218 290 237 301 re
249 290 291 301 vera
303 285 349 301 taeta
361 284 401 306 sint7
413 284 430 301 id
439 284 485 306 quod
498 285 592 301 vernacule
600 284 625 301 ita
633 284 669 301 fere

80 311 152 328 reddere
164 311 228 333 possis:
242 317 282 332 „am
291 311 349 329 Eride
359 312 439 328 erziihlt
451 317 495 328 man
507 311 557 328 auch
566 316 603 333 gar
612 324 615 328 .
623 311 668 328 .<?'‘t

80 338 148 355 accedit
160 338 207 360 quod
219 338 260 355 inde
272 338 295 355 ab
307 338 340 355 hoe
352 344 405 356 versu
419 344 451 355 rex
466 338 521 355 altero
534 344 603 360 quoqne
615 343 667 355 versu

80 365 153 386 quaerit,
171 365 226 381 altero
243 365 338 387 respondet
356 365 424 382 chorus.
448 368 501 387 atque
517 365 584 387 optime
596 364 668 387 quidem

82 392 104 408 ad
122 392 170 413 regis
187 392 240 408 verba
252 391 286 408 295
297 392 392 414 respondet
404 392 468 409 chorus
480 391 520 408 296:
537 392 566 409 καὶ
579 404 583 408 r
596 405 599 409 .
612 398 633 414 γε,
650 391 668 408 id

80 421 115 435 est:
126 416 160 435 ‘est
172 418 242 440 quidem
255 418 285 440 ita,
297 421 315 435 et
327 432 330 436 .
340 432 343 436 .
353 416 363 435 .’
375 419 534 440 („allerdings“).
552 420 591 435 turn
603 424 619 435 v.
631 417 669 439 308,

81 450 133 467 quem
142 445 206 462 Mellen
215 448 287 467 propter
293 445 329 462 Nili
336 445 521 462 commemorationem
527 447 583 467 negat
589 445 668 466 intellegi

81 477 133 493 posse
145 472 179 488 nisi
191 472 209 488 in
218 477 248 489 ore
258 472 358 494 coryphaei,
369 472 408 494 regi
417 472 493 489 tribuere
501 478 537 489 non
546 472 615 493 dubito;
627 477 668 488 narn

81 498 143 515 Νείλου
160 501 261 520 corruptum
280 504 318 515 esse
334 504 365 521 pro
382 501 430 516 certo
444 499 537 518 adfirmare
549 499 611 520 ausim,
628 504 668 515 cum

81 523 146 547 οἶστρος
163 525 212 542 nullu
230 525 283 542 modo
298 531 329 547 pro
341 526 428 542 vocabulo
440 526 530 547 Aegyptio
542 525 595 542 vendi
607 525 668 547 possit.

134 552 169 569 Sed
184 552 247 569 deiude
263 558 319 569 novae
333 552 454 569 dubitationes
466 555 566 569 moventur.
589 552 669 574 plerique

81 579 127 595 enim
141 579 216 596 editores
228 585 245 596 v.
254 578 285 596 ³11
295 579 376 596 tribuunt
384 580 437 596 choro
446 582 464 596 et
474 582 535 601 postea
545 580 668 596 Hermannutn

81 606 136 622 secuti
154 606 235 623 lacunzm
254 608 341 623 statuunt.
365 606 395 623 sed
410 608 428 623 et
441 612 458 623 v.
471 605 504 623 310
516 608 534 623 et
545 612 562 623 v.
575 605 606 622 311
619 606 647 628 (ut
659 611 669 622 a

81 632 163 649 Tuekero
181 632 202 649 ad
221 633 322 654 exemplum
338 638 401 650 versus
417 632 451 649 295
467 635 555 650 correctus
572 633 606 654 est)
621 632 669 654 regis

81 665 123 680 esse,
135 660 214 681 itemque
225 660 362 682 interrogationi
374 660 422 682 regis
434 666 451 676 v.
464 659 494 676 311

187 685 211 709 μὴ
222 687 250 703 καὶ
263 686 345 708 Κάνωβον
356 684 400 703 κάπὶ
412 686 482 710 Μέμφιν
495 687 548 704 suno:

81 713 175 730 succedere
186 719 258 730 necesse
270 716 297 730 est
309 713 441 735 responsionem
454 713 502 730 chori
516 712 548 730 312

184 740 212 757 καὶ
224 739 265 760 Ζεύς
277 738 292 762 γ’
304 739 387 763 ἐφάπτωρ
398 740 440 762 χειρὶ
452 739 508 763 φιτύει
520 739 573 762 γόνον.

81 767 131 789 atqui
149 773 166 784 v.
179 766 211 783 311
230 767 318 784 artissime
335 773 355 784 se
372 767 449 789 adplicat
466 767 488 783 ad
501 773 517 784 v.
530 766 570 784 309:
587 772 630 788 ergo
644 767 669 784 ita

82 794 197 815 corrigendus
209 796 236 811 est
247 799 331 811 versuum
344 794 393 810 ordo:
410 793 448 815 309,
464 793 501 814 311,
517 793 554 814 312,
568 793 605 815 310,
617 799 669 815 quem

82 820 99 837 in
117 820 177 837 codice
189 821 228 837 ideo
241 821 331 837 turbatum
345 826 383 837 esse
395 823 444 842 puto,
461 820 507 842 quod
525 820 543 837 hi
560 823 595 837 tres
607 826 669 837 versus

82 852 144 864 omnes
155 853 166 864 a
178 848 264 864 vocabulo
275 847 305 864 ml
312 847 405 869 incipiunt.
429 849 509 869 apertum
517 849 577 864 autem
586 850 613 864 est
621 847 670 864 chori

83 874 137 891 verba
154 873 187 891 512
199 874 221 891 ad
234 880 255 891 ez
266 874 357 896 respicere,
375 880 421 896 quae
437 879 468 891 rex
480 874 498 890 in
510 880 527 891 v.
539 873 572 890 295
584 879 594 890 e
605 874 669 896 puellis

82 901 198 922 quaesiverat,
215 901 291 923 ideoque
303 901 331 917 his
343 901 401 918 verbis
414 903 469 918 totam
481 900 605 921 narrationem,
624 905 669 922 quae

82 930 120 944 eret
137 927 159 944 de
171 928 201 944 Ius
218 928 264 948 fatis,
282 928 304 944 ad
321 928 374 944 finem
388 927 491 949 perductam
503 933 547 944 esse.
571 932 606 949 quo
617 927 638 944 §it
650 930 670 944 ut

82 960 117 975 rex,
133 957 227 976 postquem
240 954 258 971 in
271 960 288 971 v.
299 953 332 971 310
344 960 414 971 omnen]
426 954 475 971 illam
487 954 606 970 narrationem
619 954 669 975 quasi

82 986 117 998 una
135 987 178 998 voce
196 981 334 1003 comprehendit,
352 981 393 998 inde
411 986 421 998 a
438 986 455 998 v.
468 980 500 997 313
512 980 586 997 alteram
598 980 670 998 iuterro-

82 1008 175 1029 gatianum
193 1008 256 1025 seriem
269 1008 347 1030 incipiat,
365 1008 393 1025 cui
407 1008 470 1025 ultima
482 1007 530 1024 chori
542 1008 597 1024 verba
608 1013 625 1025 v.
637 1007 670 1024 312

83 1040 143 1051 ansam
154 1035 279 1057 praebuerunt,
292 1035 309 1052 in
319 1040 353 1057 qua
362 1035 384 1052 de
391 1035 517 1057 posterioribus
526 1034 670 1056 generationibus

82 1066 101 1078 se
113 1062 180 1078 nescire
193 1062 292 1079 confitetur.

135 1088 170 1106 Sed
188 1089 263 1106 fortasse
280 1088 344 1111 aliquis
361 1088 427 1105 obiciat
444 1094 460 1105 v.
475 1087 506 1104 511
520 1087 569 1109 regis
583 1093 621 1104 esse
633 1092 669 1104 non

83 1120 138 1137 posse,
156 1115 198 1137 quia
210 1115 225 1132 is
237 1116 308 1137 ignoret
320 1116 430 1137 Aegyptunm
453 1115 484 1131 sed
499 1117 517 1131 et
528 1115 546 1131 in
559 1120 575 1132 v.
588 1113 620 1131 279
632 1119 670 1136 sqq.
