838 1317
321 116 432 133 —17—

80 171 103 187 de
126 176 162 192 quo
185 170 266 192 quaestio
290 173 323 191 est,
346 170 385 187 vitii
407 170 525 192 suspicionem
546 170 611 187 habere
631 176 672 187 vere

82 197 174 214 iudicabis.

136 224 213 240 Primum
238 223 295 245 igitur
316 223 453 240 consuetudines
474 226 567 246 poetarum
589 224 672 241 videntur

82 250 216 272 cognoscendae
233 256 278 269 esse;
296 253 313 267 et
329 250 365 267 iam
381 251 399 267 in
415 250 517 272 Aeschyleis
533 251 629 272 tragoediis
647 251 673 267 in-

82 278 179 294 veniuntur
190 277 231 298 loci,
248 277 313 299 quibus
325 277 452 298 stichomythia
464 278 552 298 turbatur,
570 277 623 299 idque
635 280 671 294 tam

82 307 135 323 certe.
155 306 175 321 ut
192 309 245 321 nemo
262 310 292 320 eos
308 304 412 326 corruptelis
428 304 534 326 depravatos
549 310 587 321 esse
603 304 672 326 opinari

82 331 143 352 possit.
161 331 179 347 in
192 331 249 348 Prom.
262 330 295 347 615
312 336 350 353 sqq.
366 331 474 348 alternantes
489 331 534 348 inter
547 331 671 348 Prometheum

82 360 100 374 et
108 358 128 374 Io
137 363 199 374 versus
207 358 276 374 duobus
285 358 373 374 continuis
382 359 412 374 Ius
421 358 505 375 trimetris
510 358 672 380 interrumpuntur,

83 384 148 401 etenim
160 385 180 401 10
192 387 286 406 postquam
299 385 316 401 in
325 385 382 406 priore
390 385 479 407 conloquii
488 388 538 407 parte
547 385 671 402 Prometheum

82 411 204 433 interrogavit,
226 411 290 433 quibus
310 411 426 433 iniquissimis
445 412 497 428 rebus
516 412 535 428 in
555 414 605 429 tanta
624 412 672 428 mala

82 438 165 460 delapsus
177 441 227 459 esset,
239 438 257 455 in
270 439 326 455 altera
336 444 381 460 quae
389 438 422 455 sibi
431 438 464 460 ipsi
473 438 578 455 immineant
585 439 672 460 fortunae,

83 471 92 481 e
110 465 219 482 vaticinante
236 466 269 482 deo
288 468 361 482 conatur
379 465 469 482 sciscitari*
486 468 536 487 parta
554 466 610 488 igitur
625 471 671 483 nova

83 492 153 508 dicendi
166 492 244 513 materia,
255 492 358 514 praesertim
371 498 411 509 cum
424 493 478 509 verba
488 492 515 509 ml
528 492 573 514 πρός
580 499 598 515 γε
606 492 672 512 τούτοις

82 517 114 535 622
123 518 145 535 ad
154 525 170 536 v.
177 518 210 535 614
216 519 315 541 respiciant,
323 519 444 536 disharmonia
451 519 538 541 quaedam
545 519 621 536 cooritur
628 522 672 536 tota—

82 551 116 567 que
128 545 255 567 stichomythia
267 546 285 562 in
297 546 342 563 duas
351 549 410 568 partes
419 546 509 563 dividitur.
521 546 579 562 simile
587 546 671 568 quiddam

82 572 186 589 observatur
194 572 211 589 in
220 573 233 589 Ι.
242 572 263 589 Τ,
271 572 304 589 805
312 578 355 595 sqq.,
364 572 393 589 uhi
402 572 528 594 stichornythia
536 573 672 594 interrumpitur

82 599 151 616 duobus
160 600 234 616 Orestae
246 599 335 616 coutinuis
349 599 437 620 trimetris,
450 600 514 621 quibus
524 600 554 616 ille
562 599 672 621 Iphigeniae,

82 631 128 647 quae
145 631 185 643 eum
206 626 277 643 tratrem
295 632 347 643 suum
365 632 403 643 esse
421 627 491 643 credere
508 632 544 643 non
556 627 602 647 vult,
619 626 672 648 signa

82 653 159 674 proferre
175 653 242 675 incipit.
260 653 307 675 quod
325 653 419 675 Euripides
432 653 457 670 ita
474 653 558 674 instituit,
577 656 597 670 ut
614 653 671 675 primo

82 680 164 696 Orestam
176 685 216 696 cum
228 685 288 697 sorore
296 680 318 697 de
326 680 351 697 eis
360 681 416 701 rebus,
429 686 473 702 quas
482 686 504 697 ex
514 680 584 697 Electra
595 680 671 701 audivit,

82 707 217 728 conloquentem
235 707 293 728 iaciat,
308 710 345 724 tuni
363 707 403 724 inde
421 713 431 724 a
444 707 502 724 verbis
515 704 526 724 ἃ
538 704 553 724 δ’
565 706 609 724 εἶδον
621 704 672 727 αέτός

82 733 115 750 822
129 733 214 750 continua
228 739 312 751 versuum
324 734 369 751 serie
381 739 408 755 ea,
427 739 472 756 quae
483 734 520 756 ipse
532 736 590 755 potest
602 733 671 754 addere,

81 760 205 782 explicantem*
214 761 274 783 itaque
283 761 337 778 etiam
345 761 379 777 hoe
386 761 425 778 loco
431 761 498 778 dissoni
504 760 570 782 aliquid
577 760 671 781 enascitur,

82 788 130 804 unde
151 788 277 809 stichomythia
297 788 315 804 in
335 788 379 804 duas
399 790 458 810 partes
477 787 590 809 dilabitur.¹⁵)
609 787 670 804 eodem

82 815 181 831 rettulerim
193 815 248 831 alium
260 815 322 836 locum,
337 815 366 836 qui
379 815 466 831 maximas
478 814 598 831 dubitationes
610 814 671 834 movit,

81 841 184 863 praesertim
203 847 242 858 eum
259 842 277 858 in
296 842 345 859 codd.
363 847 449 863 personae
466 841 511 858 male
527 841 616 857 indicatae
630 840 671 861 sint,

81 873 139 890 neque
157 868 215 885 adhuc
232 874 242 885 a
260 874 349 891 quoquam
368 871 441 885 sanatus
457 873 495 884 esse
513 868 590 889 videtur,
607 867 670 884 Aesch.

81 895 137 917 Supp.
159 894 191 912 291
212 901 249 917 sqq.
271 895 316 912 dico.
337 898 392 912 totam
412 896 459 912 enim
480 895 527 911 hanc
551 894 670 911 narrationem

81 921 219 943 stichomythica
230 922 287 939 {orma
299 922 415 944 compositam
427 922 523 938 dummodo
531 921 577 938 inter
586 926 671 943 personas

80 951 128 965 recte
150 948 260 965 distribueris
282 954 388 971 omnemque
410 948 549 970 praeindicatam
569 948 670 969 opinionem

82 975 171 996 abieceris,
178 975 197 992 in
203 975 248 992 duas
257 978 316 997 partes
322 975 396 992 discindi
403 975 526 997 intellegesstb)
534 980 575 991 nam
582 980 599 992 v.
605 973 638 992 310
646 980 671 996 sq.

81 1007 113 1019 rex
130 1002 200 1019 duobus
217 1003 298 1020 versibus
315 1002 452 1024 stiehomythiae
469 1002 606 1024 perpetuitatem
619 1002 671 1018 inter-

81 1029 156 1051 rumpit,
172 1029 197 1046 ita
213 1032 233 1046 ut
247 1035 294 1046 nova
308 1029 378 1046 dicendi
392 1029 467 1045 materia
479 1029 538 1045 adlata
550 1028 670 1045 disharmonia

81 1056 169 1077 quaedam
186 1059 259 1073 creetur.
281 1056 380 1078 Sophoclea
396 1058 455 1072 nutem
472 1055 599 1077 stichumythia
611 1055 671 1071 minus

80 1083 175 1100 artificiose
187 1083 252 1105 partita
264 1085 295 1100 est.

134 1110 170 1127 Sed
182 1112 261 1127 revertor
272 1110 295 1126 ad
303 1110 416 1131 Aeschylum.
429 1109 494 1127 etenim
507 1109 609 1131 priusquam
617 1108 670 1130 pluri-
