838 1317
401 122 513 140 -44-

163 181 277 203 βουλεύμασιν,
300 182 331 199 sed
349 187 411 199 vereor
428 187 451 198 ne
468 181 521 198 nimis
538 181 596 198 audax
615 181 638 198 sit
654 181 698 198 haec
713 187 754 198 con-

164 208 238 229 iectura3
261 214 325 231 nempe
345 208 396 225 sedes
415 213 500 225 versuum
520 210 617 229 mutantur,
641 208 753 225 coniecturae

164 235 215 257 fiunt,
227 235 260 252 etsi
269 237 363 252 contextus
371 237 392 252 ut
400 235 475 252 traditus
484 237 511 252 est
518 235 596 257 perbene
603 235 685 257 intellegi
693 237 754 257 potest

164 267 222 284 neque
234 265 294 279 tamen
306 262 405 279 sententiae
417 262 481 279 melius
493 264 615 279 conectuntur.
627 267 668 278 nam
677 264 754 284 praeter-

164 294 217 311 quam
236 289 287 311 quod,
304 289 319 306 si
337 289 383 306 hanc
400 289 519 306 coniecturam
538 288 645 311 accepimus,
664 289 754 305 sententia

165 321 226 333 versus
240 315 273 333 843
287 315 360 333 omnino
372 316 479 338 neglegitur,
497 316 576 338 tragicae
589 315 668 337 actionis,
683 315 706 332 de
718 321 754 338 qua

164 348 218 364 supra
235 342 277 364 dixi,
294 343 339 360 ratio
352 348 387 360 non
403 343 483 360 habetur.
498 343 553 360 alium
571 348 655 360 versuum
673 342 753 359 ordinem

164 371 243 386 statuere
254 372 328 386 conatus
340 372 368 387 est
376 369 444 386 Behrns
456 369 474 386 in
486 369 607 392 disputatione
617 375 650 386 sua
658 375 711 386 versu
720 368 754 386 842

165 398 206 418 post
213 402 230 413 v.
237 395 270 413 844
278 396 340 418 posito.
353 396 384 413 sed
391 396 436 413 haec
443 396 519 413 mutatio
525 396 606 418 quamvis
612 396 688 418 simplex
694 396 754 413 mimis

164 423 227 445 placet,
245 423 291 445 quod
309 425 355 440 etv.
367 422 401 439 842
418 423 440 440 ad
458 429 474 440 v.
487 422 520 439 840
537 425 555 440 et
571 425 674 445 sequentem
686 423 754 445 optime

165 450 261 471 respondet
278 455 354 471 cumque
371 450 397 467 eis
414 449 502 467 artissime
519 450 605 472 coniungi
620 450 672 466 debet
686 452 704 466 et
717 450 754 466 iam

165 483 182 493 v.
195 475 232 497 843,
249 482 302 498 quern
314 482 331 494 v.
343 477 359 493 d.
371 476 502 493 Kirchhoftium
515 479 587 493 secutus
601 475 657 494 ἐλθὼν
671 476 688 496 ἒς
700 475 755 496 οἴκους

165 503 231 524 scribit,
243 509 283 520 cum
295 510 311 520 v.
323 503 355 520 841
366 501 415 523 ὁδοί-ς
427 502 496 526 ἐρήμους
503 502 540 525 ἴμεν
548 503 624 525 pessime
634 503 754 525 coniungitur.

165 530 225 552 itaque
246 530 288 547 dum
311 530 409 547 Bruhuium
432 533 504 547 secutus
526 532 544 547 et
563 530 648 547 traditum
668 535 754 547 versuum

165 557 245 574 ordinem
257 559 275 574 et
286 557 305 574 in
317 563 333 574 v.
346 556 378 573 843
391 557 456 574 codicis
468 557 560 574 lectionem
572 562 583 573 a
595 556 674 573 Bruhnio
686 556 754 578 optime

165 583 257 600 deiensam
269 584 341 605 retineo,
352 584 371 600 in
383 590 400 601 v.
412 583 445 600 846
457 589 498 600 cum
511 584 584 600 Musuro
596 583 679 605 πείσομαι
691 583 754 601 scribo.

166 612 204 627 tum
223 616 265 627 vero
283 610 329 633 quod
342 616 395 627 causa
413 616 449 627 non
461 610 556 628 invenitur,
573 615 604 627 cur
616 615 678 627 versus
690 610 755 632 aliquis

166 637 212 654 iuter
231 643 248 654 v.
265 636 298 654 842
317 640 335 655 et
352 640 457 659 sequentem
475 637 591 658 interciderit,
608 637 755 658 stichomythiam

166 664 258 681 finientem
271 664 362 681 schemate
373 664 417 681 1-2
429 664 496 681 includi
508 664 614 681 stabilimus.

222 700 242 722 ¹⁴)
254 701 275 717 In
284 701 341 717 Prom.
353 706 369 717 v.
377 699 411 717 980
422 700 490 717 dudum
500 706 517 717 v.
526 700 542 717 d.
551 700 654 721 haeserunt,
666 700 712 722 quod
720 700 756 716 hoc

167 727 239 744 unicum
251 732 313 744 versus
325 727 372 744 inter
383 727 428 744 duas
436 733 521 749 personas
529 727 613 749 discerpti
621 727 668 749 apud
677 727 756 749 Aeschy-

166 754 203 771 lum
221 754 322 776 exemplum
340 756 371 771 est.
389 754 450 776 itaque
462 754 484 771 G.
497 754 590 771 Hermann
604 754 623 770 in
634 751 756 775 ‘praefatione’

167 778 210 803 ὤμοι
221 781 298 802 iteravit,
314 781 362 803 prius
379 778 423 803 ω”μοι
434 781 561 798 interiectionis
575 780 631 797 instar
645 780 756 802 Prometheo,

167 808 242 825 alterurn
254 807 341 825 Mercurio
351 808 431 825 tribuens
443 807 514 824 Titanis
528 807 617 829 querelam
629 807 695 824 ironice
707 812 757 829 repe—

167 834 215 851 tenti.
233 835 277 851 alios
285 835 391 852 emendandi
399 837 474 851 conatus
482 834 563 851 iuvenies
572 834 591 851 iu
598 832 690 851 ‘Fleckeis
698 831 756 855 Jhrb?

167 860 215 882 1881,
229 867 245 883 p.
257 860 296 878 842.
318 864 336 878 at
348 867 410 878 vereor
422 867 444 878 ne
456 861 490 878 bac
501 861 519 878 in
531 867 550 878 re
562 861 596 878 viri
608 861 633 877 illi
642 860 689 877 docti
701 860 756 877 nimis

167 889 239 910 regulae
256 888 340 905 serviant.
358 888 423 905 etenim
440 890 562 910 praeterquam
576 888 623 910 quod
636 893 688 904 omne
702 887 756 904 huius

166 915 200 932 loci
216 915 286 937 pondus
298 921 319 932 ac
330 915 410 937 gravitas
422 915 488 932 talibus
499 915 573 931 medelis
585 914 637 931 valde
648 914 758 935 debilitatur,

167 947 207 959 cum
219 942 255 959 iam
267 942 308 959 iude
320 942 342 959 ab
354 942 388 959 hac
399 942 492 964 tragoedia
500 942 608 963 Aeschylum
620 944 698 958 veterem
710 946 757 957 com-

166 969 244 991 ponendi
250 969 324 986 diverbii
331 975 398 986 morem
404 969 503 991 relinquere
510 968 606 990 videamus,
614 968 687 985 omniuo
693 973 757 985 caven-

167 996 209 1013 dum
222 998 253 1017 est,
265 1001 288 1013 ne
300 1002 310 1013 a
323 996 387 1013 tradita
399 996 475 1013 lectione
486 996 594 1012 recedamus.

223 1032 243 1054 ¹⁵)
259 1031 382 1048 Nihilominus
401 1031 423 1048 de
442 1031 558 1053 exaequando
578 1036 662 1048 versuum
682 1036 757 1047 numero

168 1059 219 1076 unice
236 1058 307 1076 solliciti
323 1058 387 1075 Nauck
405 1061 423 1075 et
438 1058 506 1075 Behrns
523 1059 541 1081 0.
554 1064 568 1075 c⁴
582 1064 597 1080 p.
610 1057 631 1074 12
643 1058 676 1080 sq.)
693 1064 711 1075 v.
723 1057 755 1074 811

167 1083 231 1108 λέγοιμ’
242 1084 263 1102 ih«
273 1083 322 1102 ἄκουε
330 1087 397 1108 πρῶτον
404 1083 494 1107 Ἠλέκτρας
501 1084 541 1102 τάδε
549 1085 658 1102 deleverunt.
677 1087 756 1101 ceterum

168 1118 244 1134 versum,
260 1112 410 1135 quemadmodum
428 1112 504 1129 traditus
519 1114 550 1133 est,
567 1112 634 1129 servari
651 1117 687 1128 non
704 1116 757 1133 posse
