838 1317
323 117 434 134 „15-

84 178 120 189 non
138 177 204 194 paucos
221 177 265 192 sene
282 171 330 188 locos
348 177 369 188 ea
386 171 455 188 ratione
471 177 509 188 esse
524 171 631 193 compositos
647 171 674 187 in-

85 199 195 220 tellegemus,
204 201 224 215 ut
232 198 254 215 ad
262 198 364 220 augendam
373 198 471 215 scaenicain
479 198 586 220 gravitatem
593 198 672 219 valeant;

84 231 146 243 verum
161 230 278 247 unaquaeque
296 230 323 241 res
341 225 371 241 ubi
389 225 465 247 primum
484 225 557 242 inventa
576 227 607 246 est7
622 224 673 241 initio

84 258 116 274 per
135 254 191 269 artem
211 252 281 272 colitur,
300 251 330 268 ubi
350 257 392 268 vero
410 251 523 272 inveteravit,
542 251 614 268 licentia
632 257 672 268 curn

85 281 123 296 arte
135 279 223 295 miscetur.
240 278 335 300 Euripides
346 278 403 300 primo
415 284 452 295 rem
465 278 489 295 ita
502 278 586 299 instituit,
603 281 623 295 ut
635 278 673 295 ubi-

85 311 154 327 eunque
176 305 302 326 stichomythia
324 305 359 321 iarn
382 307 418 321 tam
438 305 525 322 concitata
545 307 589 326 erat,
612 307 631 322 ut
651 305 672 321 ad

85 332 251 349 vehementissimas
274 332 361 349 sermonis
380 332 428 348 vices
448 332 560 354 excipiendas
582 337 617 348 non
637 332 671 348 iam

84 356 179 380 sufficeret,
187 359 259 376 adderet
267 359 355 376 antilabas
363 364 428 380 easque
436 364 539 381 perpaucas.
551 359 598 375 unde
606 359 673 375 factum

86 388 118 407 est,
141 388 162 403 ut
183 386 211 402 vel
233 391 289 402 unum
309 391 379 402 versum
399 386 445 402 inter
465 388 533 402 actores
552 386 673 403 distribueret:

86 413 141 434 Hipp.
154 411 193 433 352,
205 413 235 429 Or.
247 411 299 433 ³598,
313 413 327 430 1.
340 413 360 429 A.
372 411 410 433 789,
422 413 450 429 vel
463 412 525 429 ultimo
537 412 674 434 stiehomythiae

86 445 138 456 versu
155 439 247 461 tripliciter
262 439 350 461 discerpto
366 439 388 456 ab
400 439 498 460 Aeschylea
512 439 607 456 severitate
621 440 673 461 plane

85 466 192 482 diseederet:
204 466 241 482 Ale.
255 465 302 486 1119,
315 466 345 483 Or.
357 465 405 482 1524.
418 466 440 482 ab
452 466 480 482 his
492 466 535 482 locis
547 471 582 482 non
595 466 636 483 licet
648 472 674 483 se-

85 492 133 509 cerni
140 498 174 513 eos,
182 492 200 509 in
207 492 271 514 quibus
277 498 352 514 persona
359 492 418 514 aliqua
425 492 565 509 autmoribunda
570 498 672 514 supremum

85 519 164 541 loquitur
183 522 214 536 aut
233 524 264 541 per
284 519 319 536 vim
339 519 439 540 abducitun
459 519 487 536 hic
507 519 553 536 enim
574 519 673 536 animorum

86 545 237 563 vehementissimi
255 549 315 563 motus
333 551 388 562 unum
406 546 435 563 vel
450 546 510 568 plures
524 552 586 563 versus
598 546 673 568 discerpi

86 573 183 594 postulant,
200 575 221 589 ut
234 575 308 589 externa
323 573 379 589 forma
391 578 431 589 curn
444 573 543 589 animorum
556 573 673 595 trepidatione

86 605 139 621 quam
158 599 235 616 maxime
252 602 344 621 congruat.
362 599 408 616 idem
427 600 475 616 valet
491 600 512 616 de
524 600 615 622 Euripidis
627 601 641 617 Ι.
653 601 673 617 Α,

86 625 130 643 1459
142 632 172 648 sq„
184 625 228 643 1464
240 632 277 648 sqq.
289 629 307 643 et
318 626 340 643 de
348 626 402 648 Soph.
411 626 476 644 Electr.
489 625 533 643 1220
544 632 587 648 sqq„
599 627 628 649 qui
639 627 673 643 loci

86 653 108 670 ad
126 653 228 670 vetustioris
246 653 348 675 tragoediae
364 650 407 676 ἦθος
420 653 500 675 proxime
511 653 615 670 accedentes
627 656 674 671 certa

86 680 162 702 quadarn
175 685 259 697 versuum
271 680 385 702 responsione
397 680 490 702 compositi
500 682 546 697 sunt.
558 680 635 702 denique
643 680 674 697 ubi

86 712 171 729 personae
188 706 268 723 abiturae
286 707 322 723 suis
340 712 442 728 supremum
460 707 570 728 valedicunt,
586 707 674 724 antilabas

86 733 140 750 etiam
164 733 202 750 sine
225 733 336 750 antecedenti
358 733 484 754 stichumythia
506 733 590 750 adhibere
611 736 674 755 poetae

86 760 151 777 solent:
168 760 190 777 Ο.
202 761 223 777 R,
236 759 279 777 1516
290 765 332 782 sqq„
349 760 393 776 Phil.
405 759 449 776 1102
465 765 507 782 sqq..
524 761 560 777 Ion.
573 759 616 777 1616
631 766 674 782 sqq„

87 787 150 803 Bacch.
165 786 197 803 966
209 792 246 809 sqq.
258 786 372 803 manifestum
384 790 411 803 est
423 790 482 804 autem
494 790 556 808 poetas
568 787 602 804 hac
613 787 674 808 forma,

86 819 132 835 quae
148 813 250 835 posterioris
264 814 323 836 potius
335 813 437 835 tragoediae
449 814 519 835 propria
532 816 565 834 est,
583 814 674 835 singulare

86 840 175 862 quoddam
193 840 276 862 consequi
294 838 343 862 ἦθος,
363 840 409 862 quod
427 840 491 857 veteris
511 840 613 862 tragoediae
632 838 672 863 ἤθει

86 867 197 884 simillimum
209 869 241 884 est.
254 867 275 884 fit
286 872 329 884 vero
340 869 358 884 et
370 867 388 883 in
400 867 504 889 Sophocleis
516 870 534 884 et
545 867 564 883 in
573 867 674 889 Euripideis

87 893 190 915 tragoediis,
208 896 228 910 ut
243 894 271 910 vel
286 894 385 915 complures
400 899 463 910 versus
476 893 522 910 inter
534 894 578 910 duas
589 899 674 916 personas

86 920 139 937 divisi
156 926 177 937 ac
190 920 273 942 discerpti
286 920 431 942 stichomythiam
444 920 556 941 cuncludant;
573 923 626 942 atque
638 926 673 937 non

86 947 125 964 sine
131 946 149 963 vi
157 947 232 968 quadam
239 947 341 968 dramatica,
350 949 443 968 postquam
452 947 519 968 singuli
525 947 606 968 singulos
613 952 674 964 versus

86 973 211 995 recitaverunt,
227 974 258 990 ubi
270 973 328 995 magis
340 973 464 995 exardescunt,
476 973 542 995 singuli
556 979 616 990 versus
628 973 675 991 inter

86 1000 138 1017 binos
148 1000 286 1017 distribuuntur:
299 1000 326 1017 Αἰ,
334 999 371 1021 591,
379 999 416 1021 981,
426 1000 446 1017 Ο.
456 1001 476 1017 R.
484 999 521 1022 626,
533 1000 581 1021 1173,
589 1001 617 1018 El.
625 1000 674 1020 1279,

87 1027 131 1044 Phil.
145 1026 192 1048 1254,
208 1027 229 1044 O.
242 1027 260 1044 C.
272 1026 311 1048 6523
327 1028 371 1044 Hec.
382 1026 431 1048 1283,
447 1028 488 1044 Hel.
500 1026 548 1048 1680,
561 1027 626 1044 Phoeu.
638 1026 675 1049 603,

87 1053 124 1075 980,
136 1054 167 1071 Or.
179 1053 228 1070 1600.
243 1057 261 1071 at
273 1054 366 1071 continuas
378 1054 410 1071 has
422 1054 510 1071 antilabzs
526 1059 566 1071 cnm
578 1054 675 1076 Sophocles

86 1086 157 1102 semper
168 1080 221 1097 certis
232 1081 299 1097 finibus
311 1081 442 1097 circumscribat
454 1086 512 1102 neque
520 1086 550 1097 eas
558 1080 623 1097 diffuse
631 1080 675 1097 velit

87 1112 170 1129 regnare,
190 1107 285 1129 Euripides
304 1112 433 1129 nonnunquam
454 1110 544 1129 tamquam
564 1107 582 1123 in
602 1107 674 1124 herbam
