838 1317
344 107 455 124 -27-

104 160 136 181 eis,
154 165 200 182 quae
214 160 236 177 de
250 160 325 177 diverbii
340 161 408 182 origine
423 161 460 178 erui
475 164 556 183 possunt,
574 161 661 178 artissime
675 161 693 178 id

103 187 198 204 cohaerere
210 187 307 209 adparebit.

158 214 192 231 Sed
208 214 242 230 iam
255 214 296 231 inde
308 220 318 231 a
330 214 445 236 Supplicibus
457 214 594 236 stichomythiae
606 215 693 236 perpetui-

103 243 159 257 tatem
174 240 267 262 aliquoties
282 241 349 258 turbari
361 241 443 258 vidimus.
466 247 498 263 par
510 244 570 258 autem
582 244 620 258 erat
636 242 693 263 primo

103 270 121 284 et
133 267 185 284 initio
197 270 214 284 et
226 267 262 284 fine
274 273 304 284 eas
316 268 374 289 dilabi,
386 273 432 289 quae
443 274 470 285 res
482 268 544 290 quanti
556 268 642 285 momenti
650 268 692 285 olim

103 296 151 310 esset
168 294 234 315 futura,
254 294 361 315 Aeschylum
379 297 426 311 certe
444 300 479 311 non
497 295 627 316 praesag-ivisse
644 297 692 317 puto.

103 326 145 337 mox
157 321 224 338 factum
237 323 268 342 est,
280 323 300 338 ut
312 321 365 338 etiam
378 321 436 338 media
448 321 575 343 stiehomythia
587 322 692 343 turbaretur,

102 347 153 364 cuius
165 348 190 364 rei
202 348 269 369 exigua
281 348 357 370 vestigia
369 348 404 365 iarn
416 348 435 365 in
447 348 562 370 Supplicibus
572 348 648 365 inveniri
656 354 691 365 nou

102 377 130 391 est
146 375 194 396 quod
208 375 298 391 miremur.
321 380 398 397 namque
411 375 444 391 etsi
457 375 492 391 iam
504 377 545 391 ante
557 374 590 391 480
602 375 691 392 conditam

102 406 141 417 esse
153 401 259 418 arbitramur
271 401 317 418 hanc
325 401 441 423 tragoediam,
453 402 530 418 multum
539 404 598 418 tamen
608 402 691 423 temporis

101 428 214 444 interiectum
232 430 276 449 eratv
293 433 315 444 ex
329 433 364 450 quo
376 428 453 449 Thespis
467 428 535 450 primus
547 428 636 450 praeclare
647 428 691 445 illud

101 455 195 471 consilium
208 455 259 476 cepit,
271 457 291 471 ut
303 455 375 471 melicas
387 457 446 476 partes
458 460 498 471 cnm
508 455 562 476 epicis
571 455 691 477 coniungeret,

101 487 159 503 neque
171 481 238 498 interea
251 481 362 502 Phrynichus
373 481 495 502 Aeschylusve
507 482 572 498 inertes
583 482 658 498 fuerunt.

156 509 179 525 At
198 508 234 525 iam
253 508 272 524 in
292 508 413 525 vetustissima
431 508 523 530 tragoedia
540 511 610 530 praeter
627 508 691 525 sticho-

100 535 188 556 mythiam
206 535 251 551 aliae
267 535 341 552 diverbii
356 538 416 556 partes
430 537 524 551 occurrunt
540 535 566 551 ita
578 535 690 557 compositae,

100 564 121 578 ut
138 564 214 583 utraque
230 567 345 583 personarum
359 561 504 583 conloquentium
517 561 585 583 aliquot
597 562 690 578 continuos

100 593 162 604 versus
180 588 235 609 dicat;
255 593 316 605 verum
334 594 383 605 rarae
401 588 434 605 hae
452 591 470 605 et
487 588 508 605 ad
527 588 575 605 vitae
591 589 689 605 communis

99 620 167 631 morem
182 615 255 636 propius
271 615 379 631 accedentes
403 620 448 636 quae
460 615 507 631 unde
519 615 585 632 ducant
597 615 689 637 originem,

85 642 87 644 ’
100 641 203 658 etiamnunc
218 641 302 663 cognosci
318 644 383 663 potest;
399 647 440 658 nam
453 647 493 658 cum
506 641 592 663 exiguum
605 647 689 658 versuum

99 669 178 690 spatium
192 668 343 690 comprehendant
356 674 377 685 ac
391 668 532 690 stichomythicis
544 669 624 690 partibus
636 669 689 686 finiti-

99 701 139 712 mae
152 695 192 716 siut,
204 695 247 717 quin
260 701 269 712 e
281 695 361 712 contritis
373 695 504 716 stichomythiis
516 697 565 712 ortae
577 695 617 716 sint,
629 696 688 712 nullus

98 722 165 739 dubito.
177 722 238 744 itaque
244 722 343 739 cavendum
350 724 381 743 esc
388 727 410 738 ue
414 724 471 738 certas
476 727 559 738 versuum
565 722 688 744 responsiones

98 749 127 766 his
139 749 251 771 potissimum
264 749 343 770 partibus
355 749 478 770 obtrudamus
492 754 527 770 qua
539 749 561 765 de
573 754 591 765 re
603 751 643 770 post
655 749 689 766 erit

98 776 197 792 dicendum.
220 776 256 792 huc
269 775 366 797 pertinent,
383 775 398 792 si
413 781 435 792 ex
449 775 577 797 antiquissimis
592 776 688 797 tragoediis

98 802 201 819 testimonia
217 807 313 823 congerere
325 802 368 818 satis
380 805 414 822 est,
432 802 486 824 Suppt
498 801 531 819 324
540 807 582 824 sqq.,
594 801 687 823 490-508,

97 828 191 850 eoo-604,
211 828 303 849 911-914,
323 828 356 845 950
373 834 402 850 sq¹¹
421 830 465 845 Pers.
483 828 577 850 155-158,
594 828 687 850 299-301,

97 855 192 876 348—352,
216 854 311 876 433—446,
332 855 380 877 Septi
400 854 495 876 792—802,
517 856 574 872 Prom.
594 855 687 877 742—756,

97 881 201 899 997-1006.
224 882 291 903 optime
303 888 344 899 vero
356 882 390 898 hoc
402 882 477 899 diverbii
486 887 543 904 genus
551 882 650 903 Aeschylus
658 888 687 899 ex-

96 909 152 925 coluit
168 909 186 925 in
199 909 275 929 Orestia,
293 909 310 925 in
329 914 364 930 qua
380 914 487 930 quamquam
505 909 641 930 stichomythiae
657 910 687 926 ad-

96 936 169 952 modum
178 935 279 957 frequentes
288 938 334 956 sunt,
342 938 401 952 tamen
408 935 460 952 etiam
468 935 502 952 hoc
507 935 580 952 liberius
586 935 685 952 diverbium

96 962 119 979 ad
137 962 180 979 artis
198 962 290 983 fastigium
307 964 388 979 evectum
406 964 437 979 est.
460 962 507 983 quod
525 965 545 978 ut
563 967 598 978 uno
614 962 685 979 inlustri

96 989 178 1011 exemplo
194 989 305 1010 confirmem,
322 989 402 1006 adscribo
415 989 457 1006 eho*
474 988 569 1010 885-903;
589 989 639 1006 euius
651 990 684 1006 loci

96 1016 203 1038 gravitatem
212 1021 233 1032 ac
240 1015 392 1037 magniiiceun'am
400 1018 453 1037 poeta
459 1021 480 1032 eo
486 1018 592 1032 consecutus
598 1018 630 1037 est,
637 1016 685 1038 quod

95 1048 165 1059 summa
179 1042 198 1059 in
210 1042 337 1064 componendis
349 1042 429 1059 versibus
440 1042 522 1059 libertate
533 1042 627 1064 adsumpta
640 1043 684 1059 nulli

95 1068 182 1091 personae
197 1069 237 1091 plus
254 1069 336 1086 minusve
350 1069 412 1086 tribuit
428 1074 517 1090 versuum,
533 1074 586 1091 quam
603 1072 646 1091 quot
661 1069 683 1086 ad

95 1096 208 1113 efficiendam
222 1096 320 1112 scaenicam
335 1098 353 1113 et
368 1096 454 1117 tragicam
468 1096 504 1113 vim
519 1096 577 1112 idonei
589 1095 622 1113 visi
635 1098 684 1112 sunt:
