838 1317
358 118 464 136 —29—

112 175 172 190 certas
187 177 269 189 versuum
283 172 407 194 responsiones
419 175 451 189 aut
462 172 520 189 inesse
532 172 658 189 arbitraremur
670 175 706 194 aut,

113 199 144 216 ubi
159 205 191 216 ene
205 199 223 216 iu
235 202 319 221 promptu
331 205 367 215 nun
379 201 428 220 sunt,
445 199 539 216 obtrudere
550 199 669 220 studeremus,
687 199 706 216 in

113 231 190 243 errorem
205 226 330 242 induceremur
344 226 467 247 optimumque
479 228 542 247 poetae
554 226 610 243 fetum
622 226 707 248 deprava-

113 258 178 269 remus.
200 252 231 269 sed
240 257 275 274 quo
283 257 364 274 quaeque
372 252 459 269 recentior
467 255 495 269 est
503 252 599 274 Euripidea
609 253 706 274 tragoedia,

113 279 168 296 huius
180 279 227 296 modi
240 279 321 301 exempla
333 279 399 296 sensim
412 281 527 300 evanescunt,
542 281 563 296 ut
574 279 706 300 stichornythia,

114 308 208 328 postquam
223 305 287 327 ingens
301 311 385 322 versuum
400 306 477 323 obtinuit
491 306 569 328 spatium
583 306 706 328 latissimeque

114 333 179 349 diffusa
197 334 231 353 est,
249 333 308 349 denuo
325 332 378 349 unica
395 333 432 349 fere
448 333 522 349 diverbii
535 333 568 349 §iat
579 333 641 350 forma.
664 333 706 349 hinc

114 359 181 376 factum
199 362 230 380 est,
249 362 268 376 ut
286 364 342 381 aeque
360 361 413 381 atque
431 359 449 376 iu
467 359 594 376 vetustissimis
609 359 706 381 tragoediis

114 385 171 409 ῥήσεις
188 388 206 402 et
219 386 357 407 stichomythiae
371 386 389 402 in
404 386 487 407 episodiis
501 391 540 403 sese
556 386 650 408 excipiant
674 392 707 403 nec

114 413 179 429 mirum
197 415 224 429 est
241 412 287 429 hanc
304 412 423 429 imitationem
438 413 495 429 multo
511 412 565 429 latius
579 415 640 434 patere
652 418 705 434 quam

115 439 210 461 exemplar.
239 439 381 456 luculentissima
403 439 456 456 huius
475 439 500 456 rei
520 439 602 461 exempla
621 439 707 461 praebent

114 466 197 487 Troades,
216 466 327 487 Phoenissae,
339 476 359 478 —-
372 471 407 488 qua
425 466 442 482 in
462 466 553 487 tragoedia
571 466 648 482 maxime
667 472 707 483 con-

115 493 196 514 spicuum
209 495 242 514 est,
255 498 290 514 quo
302 492 354 509 modo
367 492 462 514 Euripides
474 492 626 513 ad'Aeschyleum
639 498 706 509 morem

115 519 173 536 denuo
191 525 210 536 se
229 519 345 541 adplicaverit
356 528 378 531 —
390 519 470 540 Orestes,
488 519 583 541 Iphigenia
599 519 706 536 Aulidensisi

115 551 193 568 namque
204 546 223 562 in
235 546 269 562 hac
281 546 344 563 ultima
355 546 423 567 iabula,
437 548 525 567 quatenus
537 546 559 562 de
571 551 623 568 opere
635 551 671 563 non
683 546 706 563 ab

115 573 154 594 ipso
166 572 251 594 Euripide
269 573 349 589 coniecto
367 572 441 589 iudicari
458 572 504 593 lieet,
522 572 574 594 pauci
590 575 660 589 tautum
672 573 707 589 loci

115 599 238 620 inveniuntur,
254 599 319 621 quibus
334 599 433 616 diverbium
450 605 485 616 nou
500 599 638 620 stichomythica
650 599 707 616 {orma

116 626 234 648 compositum
247 626 276 647 sit,
291 626 341 643 velut
353 625 446 647 691—696,
460 625 576 647 1024—-1035,
590 625 706 643 1106—1145.

169 653 204 670 Sed
225 653 319 670 redeamus
339 653 360 669 ad
380 652 495 674 Aeschylum;
519 658 572 674 quem
591 652 668 674 primum
688 653 706 669 in

116 680 221 696 Prometheo
233 679 307 696 diverbii
320 680 395 696 formam
407 679 433 696 ita
443 680 541 696 mutavisse
549 680 674 700 intelleximus,
686 682 707 696 ut

117 712 126 723 a
133 706 252 728 Supplicibus,
261 706 323 727 Persis,
331 706 404 728 Septem
411 706 507 723 admodum
514 706 613 728 difleratfl)
625 706 707 723 admissis

116 733 163 749 euim
170 733 251 750 distichis
257 733 394 754 stichomythiae
400 733 513 750 severitatem
520 733 606 749 dissolvit.
615 733 659 749 haec
664 738 707 750 vero

116 760 197 780 disticha,
209 760 274 781 quippe
287 765 332 781 quae
344 759 462 781 tranquilliori
474 759 586 781 aliquantum
595 765 615 776 ae
623 759 707 776 sedatiori

116 786 209 808 aptissima
230 786 266 803 siut
287 786 387 808 conloquio,
409 786 451 803 dum
474 786 573 807 Aeschylus
596 786 615 802 in
637 786 707 803 Orestia

116 813 212 835 separatim
227 815 301 835 usurpat
312 818 370 834 neque
385 818 425 829 cum
437 813 568 834 stichomythia,
581 818 626 834 quae
638 813 707 835 proprie

116 840 187 860 dicitur,
202 839 299 861 coniungit,
311 839 408 861 Sophocles
421 840 491 861 profuse
502 839 520 856 iu
533 845 595 856 omues
607 839 707 861 tragoedias

116 866 186 888 recipit,
197 866 223 883 ita
235 869 255 883 ut
267 872 287 883 ea
299 866 317 883 in
330 871 400 888 quaque
411 871 475 883 scaeua
484 871 524 883 cum
532 866 572 888 ipsa
580 866 707 887 stichomythia

116 895 202 913 conectat,
219 893 297 915 exceptis
312 893 339 910 El.
353 899 369 910 v.
388 892 481 913 622—633,
498 892 593 913 875-—890;
610 892 639 909 hic
655 893 707 914 enim,

116 920 163 936 sicut
171 920 189 936 iu
198 920 268 936 Orestia
280 922 298 936 et
306 920 324 936 iu
333 919 434 941 Euripideis
443 919 510 941 aliquot
519 919 619 941 tragoediis,
627 925 707 936 seorsum

116 946 202 963 locantur.
226 946 321 968 Euripides
339 948 406 967 autem,
425 946 455 968 qui
472 946 491 962 in
508 946 596 968 prioribus
611 946 707 967 tragoediis

117 973 192 990 disticha
204 973 277 990 omuino
289 973 359 995 parcius
372 973 454 994 admittit,
466 972 576 994 frequentius
588 972 613 989 eis
624 972 680 990 utitur
688 972 707 989 in

117 1000 250 1021 recentioribus,
265 1005 311 1021 quae
325 1000 426 1022 ubicunque
440 1000 486 1022 apud
501 1005 541 1016 eum
554 1002 585 1016 aut
596 999 708 1021 incipiendae

117 1026 254 1047 stichomythiae
268 1027 407 1048 praemittuntur
421 1029 452 1043 aut
466 1032 497 1048 per
511 1032 530 1043 se
543 1027 582 1043 sola
594 1028 707 1048 usurpantur,

117 1058 187 1075 semper
210 1058 246 1070 uua
267 1053 385 1075 perpetuitate
404 1053 505 1070 decurrunt.
534 1053 581 1075 apud
601 1053 707 1074 Sophoclem

117 1082 177 1096 autem
195 1080 214 1096 in
231 1080 285 1096 Aiace
303 1080 366 1100 rarius,
383 1080 424 1096 inde
442 1080 463 1096 ab
481 1079 550 1101 Oedipo
569 1080 620 1101 Rege
637 1084 707 1096 summa

117 1106 189 1123 licentia
207 1106 225 1123 iu
246 1106 328 1123 omnibus
347 1106 411 1123 fabulis
428 1108 497 1128 praeter
511 1106 621 1127 Antigonam
640 1106 707 1123 turbari
