838 1317
415 109 525 126 -24-

175 164 216 183 post
228 167 310 180 scaenam
323 166 421 185 versantur,
432 163 458 181 ita
469 166 489 181 ut
496 163 592 181 Teeruessa
601 167 619 182 et
627 165 696 187 aliquot
704 171 766 187 passus

175 190 232 207 facere
244 193 262 207 et
274 196 328 208 manu
340 194 404 208 nutare
415 191 483 208 debeat.

230 218 306 240 Cognita
323 218 380 240 igitur
396 218 450 235 trium
464 221 556 240 poetarum
569 219 602 236 hac
614 218 632 235 in
644 224 663 236 re
676 220 767 236 tractanda

175 245 308 266 consuetudine,
318 246 340 262 ad
349 245 426 268 reliquos
434 245 482 262 looos
490 246 600 266 accedamus,
609 245 673 268 quibus
681 246 767 263 sermonis

175 272 239 289 alterni
251 272 360 294 perpetuitas
372 272 418 289 laedi
431 272 508 291 videtum
519 278 567 289 nunc
575 272 622 289 enim
631 278 653 290 eo
660 275 766 295 perventum

175 301 209 320 est,
227 302 247 316 ut
265 299 287 316 de
304 299 387 316 omuibus
403 299 431 316 his
447 299 490 316 locis
504 302 552 316 recte
564 299 672 316 iudicaturos
684 305 717 317 nos
729 305 767 317 esse

175 332 272 348 speremus.
289 329 343 348 atque
355 326 449 348 Sophoclis
467 326 538 348 quidem
556 327 630 343 traditos
643 332 705 344 versus
717 327 767 344 dum-

176 355 226 370 taxat
249 353 396 374 stichomythicos
420 353 442 370 ab
464 353 561 370 editoribus
583 353 659 370 intactos
680 354 767 370 mansisse

175 380 240 397 mirum
252 385 288 397 non
301 382 334 401 est;
347 380 377 397 sed
389 380 473 401 Aeschyli
482 380 607 402 Euripidisque
617 380 767 401 'stichomythicae

175 410 241 429 partes,
259 407 343 429 quoniam
361 407 414 424 nimis
432 407 526 424 artificiose
544 410 597 429 atque
615 407 703 429 exquisite
720 413 766 424 com-

175 434 244 455 positae
261 437 311 455 sunt,
328 434 424 451 admodum
442 439 495 456 saepe
507 434 604 451 editoribus
616 434 634 450 in
646 434 765 456 suspicionem

176 463 268 477 venei-unt⁴
280 466 323 477 sane
335 461 353 477 in
363 462 419 478 Prom.
432 460 464 477 255
477 466 514 483 sqq.
523 461 612 482 integram
620 460 765 482 stichomythiam

175 490 222 504 recte
244 487 323 504 restituit
342 488 454 508 Weleker²³)‚
474 487 552 509 itemque
572 487 590 504 in
609 488 643 509 Ag.
664 486 707 504 1202
727 493 765 509 sqq.

175 514 256 531 versibus
268 514 380 536 transpositis
392 514 453 531 omnia
466 514 555 531 ordinavit
567 514 589 531 G.
601 514 722 536 Hermannssfl)
734 514 765 531 sed
797 527 800 533 Δ

175 541 193 558 iu
205 541 254 563 Sept.
267 540 300 557 712
311 546 349 563 sqq,
366 546 401 558 uon
413 543 448 562 est,
466 547 496 558 eur
508 547 518 558 a
531 541 596 558 tradito
608 546 691 558 versuum
704 541 766 557 ordine

175 568 294 588 recedatur,³⁰)
312 568 405 589 praecipue
423 570 483 584 autem
501 573 512 584 a
527 567 624 584 temerariis
637 567 766 584 mutationibus

176 595 301 612 abstinendum
318 597 345 611 est
362 594 380 611 in
400 594 534 616 Prometheo-'¹¹J:
553 600 598 616 quae
617 600 658 611 cum
674 600 684 611 a
702 594 766 611 ceteris

175 621 277 643 Aeschyleis
306 621 402 643 tragoediis
429 621 536 638 immensum
562 624 648 643 quantum
673 621 766 643 discrepet,

174 648 259 671 peculiari
272 648 353 665 cautione
365 654 404 665 earn
417 654 488 665 necesse
501 650 528 665 est
540 648 615 665 tractari.
629 648 688 670 itaque
701 650 721 665 ut
729 647 764 664 iam

175 681 191 692 v.
203 674 269 691 40-81
288 678 306 692 et
320 681 336 692 v.
349 674 444 696 377-385,
463 675 492 691 ubi
504 675 595 691 schemata
606 674 621 696 2,
633 674 648 696 2,
660 673 709 695 2-1,
720 674 764 691 2-1

174 702 319 723 stichomythiam
331 702 443 723 antecedunt,
458 707 524 718 novum
537 701 654 723 componendi
666 706 724 723 genus
736 707 766 718 ex-

175 729 250 746 coluisse
269 731 339 751 poetam
360 729 487 749 intelleximus,
507 728 532 745 ita
552 734 567 745 v.
587 727 620 745 964
639 733 676 750 sqq.
694 731 765 750 praeter

174 761 290 778 personarum
306 758 356 772 notas
372 755 416 772 nihil
431 756 488 772 audeo
505 755 602 776 mutare.³²)
616 755 680 772 deinde
694 755 766 777 Euripi-

175 782 248 799 dearum
260 782 392 804 tragoediarum
401 783 470 804 aliquot
477 782 511 799 loci
520 782 575 799 nimia
583 782 660 804 quadam
668 781 765 799 sedulitate

175 810 193 826 in
205 809 279 826 dubium
292 809 351 826 vocati
361 812 407 830 suut,
420 809 459 826 dico
467 810 505 826 Ion.
514 808 546 825 936
555 809 608 831 sq.³³)‚
621 809 633 825 L
643 808 662 825 T.
671 808 704 825 735
712 810 765 831 sq.³⁴)‚

176 836 240 853 Phoen.
253 835 286 853 710
298 836 351 858 sq.³⁵),
364 837 377 853 I.
387 837 407 853 A.
421 835 464 852 1438
476 837 530 858 sq.³⁶);
543 841 618 858 quorum
630 836 690 852 nullus
702 841 765 852 versus

174 863 267 880 adtrectari
285 863 342 880 debet.
360 868 382 880 ex
398 868 464 884 magno
479 868 520 879 vero
533 863 669 884 Euripideorum
684 862 764 879 locorum

174 895 253 911 numeru,
270 890 288 907 in
306 895 351 912 quos
368 890 447 907 virorum
465 890 557 907 doctorum
571 889 648 911 suspicio
660 889 727 910 cecidit,
744 895 764 906 re

174 922 216 933 vera
228 917 311 938 perpauci
323 919 369 938 sunt,
381 917 446 939 quibus
457 917 524 939 singuli
533 922 594 933 versus
603 919 634 933 aut
642 916 765 933 interciderint

174 946 194 960 iit
200 943 255 966 Supp.
262 943 295 960 763
301 942 366 966 sqq.³⁷)‚
375 944 402 961 El.
409 943 470 965 65128),
478 943 510 960 961
517 944 582 965 sqq.³⁴³),
591 943 654 960 Bacch.
660 942 692 959 651
700 944 764 965 sqq.⁴⁰),

174 973 205 987 aut
217 970 317 993 interpolati
330 971 366 987 sint
378 973 397 987 ut
410 971 447 988 Alc*
459 970 492 987 817
504 971 569 992 sqq.⁴¹],
582 971 622 987 Hel.
634 969 694 991 780.⁴²)
715 970 763 986 deni-

174 1003 208 1019 que
225 998 247 1014 de
262 997 398 1019 stichomythiis,
416 1003 461 1019 quae
474 998 491 1014 in
504 997 595 1014 comoedia
606 997 727 1018 inveniuntur,
744 996 763 1013 in

173 1025 207 1041 hac
224 1024 350 1046 disputationis
367 1027 417 1046 parte
434 1025 513 1041 nondum
531 1024 567 1046 egi,
585 1024 627 1045 quia
644 1026 662 1041 et
674 1024 765 1041 rarissime

174 1055 282 1074 usurpantur
298 1055 322 1073 et,
340 1055 361 1069 ut
377 1054 420 1069 sunt
437 1052 556 1073 brevissimae,
574 1052 599 1069 ita
616 1052 677 1069 eadem
691 1051 765 1068 licentia

174 1079 282 1101 compositae
297 1081 351 1101 atque
363 1079 466 1096 ultimarum
478 1079 618 1101 Scphoclearum
630 1078 763 1101 tragoediarum

173 1106 321 1127 stichomythicae
332 1108 397 1128 partes*
410 1106 470 1128 itaque
482 1106 527 1123 nihil
539 1106 581 1123 novi
593 1106 635 1123 iude
645 1105 689 1122 disci
698 1108 765 1128 potest.
