838 1317
411 117 520 135 -46—

166 175 184 192 in
199 176 236 193 cod.
249 176 267 193 Μ
281 181 365 197 personae
380 181 415 192 non
431 176 538 197 indicantum
556 181 574 192 v.
585 174 619 192 294
635 175 675 198 regi
693 175 755 192 tribuit

166 203 188 220 G.
202 202 301 223 Hermann}
318 209 334 219 v.
347 201 379 219 295
394 202 493 224 coryphaeo
507 202 569 219 tribuit
581 202 626 220 Weil
639 205 656 219 et
668 205 710 219 ante
722 201 754 219 296

167 235 222 246 unum
237 229 285 251 regis
299 234 370 246 versum
384 229 495 246 intercidisse
508 231 565 251 putat.
589 235 606 245 v.
618 228 651 246 308
665 228 681 246 oi
694 228 756 246 Νείλου

167 256 220 276 πέδας
230 256 253 277 M,
265 254 312 277 οἶμαι
325 256 387 276 παῖδες
394 256 413 272 in
421 261 481 277 marg„
494 254 553 277 Ἰνάχου
564 255 619 276 πέλας
626 255 648 272 G.
657 256 756 276 Hermann,

166 282 227 300 Νείλυυ
238 282 293 303 πέλας
304 282 355 300 Weil.
372 283 416 299 mihi
425 282 528 304 desperatus
536 282 566 299 hic
573 282 623 299 locus
631 288 669 299 esse
677 282 755 299 videtur.

166 316 183 327 vi
195 309 226 326 311
244 308 267 333 μὴ
282 309 310 326 καί
321 309 399 326 Tuckerz
419 309 446 326 καὶ
460 308 483 332 μὴ
495 309 517 326 Μ.
541 311 581 331 post
593 308 623 325 311
639 314 695 326 uuum
707 309 756 331 regis

166 342 237 354 versum
255 336 341 353 excidisse
357 338 409 358 putat
421 337 519 353 Hermann.
543 342 559 353 v.
571 335 604 352 310
617 339 658 358 pust
670 335 703 352 312
715 342 756 352 con-

166 363 229 380 locavi.
252 369 269 380 v.
286 362 318 379 315
336 363 417 379 lacunam
435 363 505 380 notavit
522 363 601 384 Stanley,
618 368 635 380 v.
652 362 685 379 316
702 362 756 380 πέδον

166 390 223 412 ειιρΡΙ,
236 391 299 407 Kruse.
322 392 391 406 ceterae
403 389 513 406 coniecturae
526 389 570 406 nihil
582 389 604 406 ad
617 395 659 406 rem.

221 426 258 442 Iam
271 428 382 442 transeamus
393 426 415 442 ad
424 425 565 447 explicationem.
585 425 642 442 Danai
651 425 699 447 regis
707 425 756 442 filiae

165 452 215 474 impii
233 458 273 469 cum
291 452 401 474 patruelibus
419 452 503 469 iratribus
520 452 591 469 conubii
607 452 685 469 evitandi
700 457 755 469 causa

166 479 227 496 exules
239 481 318 496 errantes
329 479 351 496 ad
362 479 458 501 Pelasgum
466 479 555 500 Argorum
568 484 628 500 regern
641 479 754 500 confugiunt.

166 506 195 528 qui
207 511 257 523 suam
271 508 341 528 gentem
355 506 444 527 professus
455 507 549 527 postquam
562 511 592 522 eas
604 505 683 527 Argivae
693 505 755 527 stirpis

166 535 184 550 et
196 533 244 555 ipsas
256 538 294 549 esse
306 532 396 554 comperit,
411 532 464 549 valde
476 532 550 549 miratur
562 534 580 549 et
591 532 669 554 primum
681 532 755 554 puellas,

166 559 238 581 quinam
245 565 306 576 earum
313 559 378 575 fuerint
384 559 450 581 proavi,
459 561 497 575 tum
504 564 549 581 quae
555 559 634 581 pericula
642 559 668 575 eis
674 559 755 575 immine-

167 588 199 603 ant
211 586 314 607 interrogat.
338 591 412 607 quarum
425 585 548 607 quaestionum
561 591 601 602 cum
614 588 689 607 utraque
697 585 755 602 forma

166 612 303 634 stichomythiea
319 612 416 634 composita
428 612 456 633 sit,
474 612 526 634 prior,
542 618 594 634 quam
606 618 659 634 supra
671 612 755 634 excripsi-

165 645 210 661 mus,
226 640 260 656 hoc
277 639 367 661 proprium
385 639 445 660 habet,
464 639 511 661 quod
529 644 560 656 rex
577 645 603 660 ea,
622 644 667 661 quae
679 639 754 661 quaerit,

165 672 250 688 magnam
262 669 330 688 partem
343 666 379 683 iam
391 666 464 688 cognita
476 666 530 683 habet
541 669 560 683 et
571 672 592 683 eo
601 669 670 683 tantum
679 666 755 683 consilio

166 693 240 715 quaerit,
257 695 278 710 ut
290 693 350 710 videat
362 698 427 710 verane
439 698 462 710 an
473 693 518 709 {alsa
529 693 608 710 dicturae
620 693 656 710 sint
668 693 754 715 virgines.

165 720 184 737 iu
203 720 233 737 tali
248 723 308 737 autem
322 720 416 742 conloquio
431 722 471 736 uter
486 720 613 741 interrogantis
624 725 689 736 munus
702 719 756 737 debet

165 747 263 769 suscipere?
286 747 386 768 quicunque
402 749 458 763 totam
476 752 557 763 scaenam
570 747 641 763 adtente
653 746 755 768 perlegerit,

165 774 213 795 regis
225 774 242 790 id
257 779 296 790 esse
309 773 417 794 adfirmabit3
431 779 496 795 nempe
509 773 529 794 is,
543 773 574 795 qui
585 773 672 790 auxilium
684 774 754 790 laturus

165 803 196 821 est,
208 800 307 822 interrogat
318 806 353 821 eas,
365 806 411 822 quae
423 800 511 822 subplices
523 800 610 817 auxilium
622 800 644 817 ab
654 805 675 816 eo
683 802 753 822 petunt.

165 830 257 849 propterea
269 830 329 844 autem
341 827 374 844 hac
386 827 408 844 de
420 833 438 844 re
450 827 526 849 primurn
540 827 630 848 agendum
640 832 679 843 esse
687 826 754 848 censui,

164 854 212 876 quod
229 854 259 876 qui
276 854 377 876 nuperrime
395 856 416 875 eg
434 854 481 876 quod
498 854 557 875 sciam,
575 853 672 870 novissime
687 853 709 870 de
725 853 755 870 his

164 881 245 898 versibus
262 880 367 902 disputavit,
385 880 407 897 G.
421 880 485 897 Mellen
503 880 521 897 iu
538 880 662 897 dissertatione
677 878 705 897 ‘de
721 881 753 896 Ius

164 905 230 924 fabula'
239 908 300 929 Upsal.
307 906 355 928 1901,
363 908 421 929 primo
429 913 499 929 semper
506 907 616 929 rogitantem
624 907 666 924 iecit
674 907 755 927 chorum,

164 937 202 951 turn
214 934 256 951 inde
268 940 278 951 a
290 940 307 951 v.
319 933 351 951 311
363 934 492 956 interrogantis
503 936 563 956 partes
575 934 613 955 regi
626 933 692 950 tribuit.
716 933 754 950 iam

165 961 187 978 ad
199 961 271 983 singula
283 961 344 978 venire
356 961 402 978 licet„

220 997 298 1013 Primum
312 997 369 1018 igitur
383 1002 424 1013 eum
438 997 476 1014 cod.
488 997 507 1014 M
521 1002 636 1018 personarum
650 998 702 1013 notas
717 1001 753 1013 non

164 1024 233 1045 habeat,
246 1023 268 1040 G.
277 1024 370 1040 Hermann
382 1029 398 1040 v.
410 1023 443 1040 294
455 1026 502 1040 reete
514 1023 577 1040 tribuit
588 1023 631 1045 regi,
643 1023 674 1045 qui
686 1023 719 1040 etsi
731 1023 754 1039 de

164 1050 246 1068 omnibus
264 1050 317 1067 rebus
334 1050 369 1067 iam
386 1050 405 1067 in
424 1050 527 1067 universum
548 1050 625 1071 audivit,
644 1049 754 1067 accuratiora

163 1078 240 1099 ignorat.
263 1077 281 1094 in
300 1077 380 1099 sequenti
392 1082 445 1094 versu
457 1077 503 1095 Weil
515 1077 580 1099 aliique
595 1077 649 1094 verba
661 1075 686 1099 μὴ
697 1076 753 1097 καί.,,

164 1110 209 1127 quae
222 1104 286 1121 tradita
298 1106 344 1125 suut,
356 1109 448 1126 perperam
461 1106 576 1121 mutaverunt
587 1103 606 1120 in
618 1100 635 1126 ἧι
647 1103 680 1124 καί,
693 1106 711 1120 et
719 1103 753 1120 hoe
