838 1317
300 106 411 126 ..49-

60 170 77 181 v.
90 162 123 180 962
132 163 230 180 Alcumena
242 163 290 180 omni
299 168 330 185 spe
338 162 434 180 ulciscendi
443 162 528 180 destituta
537 162 587 180 dicit:
599 160 648 184 =ergo

60 190 169 212 nequiquam
191 195 231 207 euni
252 187 343 212 cepimus.’
369 190 459 211 extemplo
481 192 540 206 nutem
562 195 608 206 nova
623 189 649 206 in

62 222 144 239 novoque
162 217 258 234 ulciscendi
275 216 335 234 studio
352 216 432 237 incensa,
449 222 480 233 cur
496 222 531 233 non
543 216 596 233 liceat
608 222 648 233 enm

61 249 129 265 necare,
143 244 243 261 sciscitatur
255 249 272 260 v.
285 243 325 260 968:
337 242 386 266 εἴργει
398 243 419 260 δὲ
431 242 454 266 δὴ
466 257 470 260 .
483 257 486 260 .
500 257 503 260 .
516 257 520 260 .
543 243 604 265 itaque
615 243 649 260 hoc

60 271 100 287 loco
111 271 183 287 schema
195 269 239 293 1÷2
250 276 280 287 vv.
292 270 310 287 in
319 270 376 292 ipsam
384 270 529 291 stichomythiam
538 270 649 287 introducere

61 297 162 314 statuimus.

116 324 138 346 ²⁰)
149 324 191 341 Non
200 330 242 345 esse,
254 329 285 341 cur
294 329 304 341 a
312 324 386 346 vulgata
392 324 469 341 lectione
474 323 571 345 recedatur,
579 324 649 341 monuit

61 351 126 369 Kaibel
138 351 157 368 in
169 351 247 368 editione
255 351 341 372 Electrae,
353 356 370 373 p.
383 350 422 372 119;
433 351 494 373 itaque
505 356 597 373 perperam
609 353 649 373 post

60 383 77 395 v.
90 377 123 394 316
140 378 223 395 lacunam
240 378 325 395 indicavit
338 378 390 399 Iahn,
407 378 436 394 eni
452 377 528 395 disticha
541 378 649 395 videbantur

61 404 132 421 turbari.

115 431 137 453 ιι“)
148 432 169 448 V.
187 430 231 448 1197
251 434 323 453 propter
344 431 419 448 nimium
439 431 549 453 exaequandi
569 431 648 448 studium

62 458 148 480 Hartung
160 458 231 479 delevit,
241 460 282 480 post
293 457 337 475 1197
349 458 371 475 G.
380 459 473 475 Hermann
485 458 568 475 lacunam
579 458 647 475 statuit.

60 485 91 502 sed
109 484 205 502 dummodo
222 485 309 502 scribatur
324 482 373 502 οὐδέν
388 491 405 502 τι
419 484 481 507 χαίρων
495 486 532 505 σοῖς
545 484 601 507 λόγοις
612 482 649 502 τάδ’

61 509 128 533 εὖτὐχῡ,
152 517 214 529 versus
237 517 265 529 me
284 512 342 529 iudice
361 512 440 534 optimus
463 514 493 529 est.
522 517 579 533 neque
601 512 648 529 enim

60 538 134 555 omniuo
149 538 172 555 de
187 538 285 560 interrupta
301 538 428 560 stichomythia
443 538 527 555 hocloco
538 541 598 560 potest
609 539 649 560 diei,

60 570 101 582 cum
123 565 165 582 inde
184 565 255 582 demum
275 565 298 582 ab
317 565 351 582 hoc
370 570 422 582 versu
442 565 513 582 initium
532 565 591 587 capiat
610 566 649 588 ipsa

60 592 193 613 stichomyffiia;
208 594 226 609 et
240 597 312 614 prorsus
323 592 396 614 egregie
408 592 442 609 hoc
456 597 508 609 versu
520 592 648 613 Theoclymeni

60 624 118 635 mores
130 618 256 641 depinguntur,
268 621 331 641 utpote
342 619 372 641 qui
380 624 488 641 quamquam
497 624 519 635 ex
526 619 566 636 rudi
574 619 649 636 incultu-

60 651 94 667 que
113 648 167 667 gente
183 648 232 663 ortus
248 646 282 663 hoc
294 646 332 663 locu
344 645 463 663 urbanitatem
477 651 558 668 graecam
571 646 647 663 affectet.

61 672 130 689 accedit
145 673 197 695 quod,
214 673 302 695 quomodo
320 673 442 695 interpolatori
455 673 528 690 cuilibet
539 673 557 689 in
570 676 647 690 mentem

60 699 138 721 potnerit
150 699 211 716 venire
223 700 276 717 talem
289 705 360 716 versum
372 700 453 721 inserere,
465 705 501 717 non
512 700 628 721 intellegitur.

115 726 136 748 ²²)
149 727 189 743 Hoc
203 727 242 743 loco
256 727 314 743 facere
328 732 363 743 nnn
376 732 448 748 possum
461 726 503 748 quin
515 727 577 749 paucis
589 727 648 744 verbis

61 753 199 770 controversiam
222 753 322 775 adtingam,
342 759 388 775 quae
406 753 429 770 de
449 753 564 775 temporibus,
584 753 648 775 quibus

61 780 127 802 priores
140 782 176 797 tres
184 780 293 802 Sophocleae
305 780 407 802 tragoediae
419 783 469 797 actae
481 780 520 801 sint,
533 780 591 797 adhuc
602 780 648 797 inter

60 807 107 824 viros
116 807 178 823 doctos
186 807 252 824 existit.
272 807 338 824 etenim
347 807 456 829 Antigonam
465 809 483 824 et
491 807 545 823 Aiace
553 809 571 824 et
579 807 648 829 Oedipo

62 834 113 855 Rege
130 833 206 855 priorem
223 839 261 850 esse
277 834 340 851 statuit
352 834 474 851 Wilarnowitz.
498 839 575 856 namque
587 834 605 851 in
617 834 647 851 illa

61 860 153 882 tragoedia
162 866 219 882 neque
227 866 305 882 nuquam
314 866 370 877 unum
378 866 450 878 versum
458 860 504 877 inter
512 861 557 877 duas
563 866 648 882 personas

60 887 142 904 distribui
161 887 240 904 ostendit
256 887 275 904 in
293 885 350 904 ‘AnaL
367 885 434 909 Eurip?
450 893 467 909 p.
481 887 521 908 195,
538 890 556 904 et
568 887 648 904 Creontis

60 919 153 935 personam
166 914 184 930 in
192 914 261 936 Oedipo
274 914 325 936 Rege
338 916 428 936 tamquam
441 917 501 931 notam
510 914 574 935 induci,
586 917 648 936 utpote

61 940 111 957 cuius
123 946 181 957 mores
192 943 210 957 et
222 941 315 962 ingenium
327 941 345 957 in
353 941 445 962 Antigona
455 941 490 957 iam
498 941 541 957 satis
550 941 648 957 deformata

60 967 100 984 sint.
124 967 171 984 hane
190 967 291 990 opinionem
311 973 351 985 cum
371 968 409 990 ipse
426 967 457 984 diu
475 967 568 989 amplexus
586 973 647 989 essem,

61 996 127 1015 tamen,
141 1000 181 1011 eum
194 994 216 1011 nb
228 995 284 1012 altera
296 997 346 1016 parte
358 1000 395 1011 ren-i
407 995 485 1016 aspicere
497 994 556 1011 iussus
568 1000 625 1011 essem
637 1000 648 1011 a

61 1021 144 1042 Rnberto,
161 1021 179 1037 in
196 1021 249 1038 aliam
267 1021 374 1038 sententiam
389 1022 438 1043 coepi
454 1022 547 1038 discedere.
571 1027 648 1043 namque

60 1047 75 1064 is
91 1053 106 1064 v.
123 1047 140 1064 d.
155 1053 165 1064 e
178 1048 252 1064 Brulmii
270 1048 350 1070 partibus
368 1051 417 1065 stans
430 1048 510 1065 Creontis
527 1048 573 1065 ieros
591 1053 648 1064 mores

61 1074 95 1091 alia
112 1074 134 1091 de
152 1079 205 1091 causa
221 1075 239 1091 iu
252 1075 343 1097 Antigona
358 1075 402 1092 adeo
414 1078 495 1092 accurate
508 1075 591 1097 explicari
604 1074 647 1091 mihi

60 1101 158 1123 persuasit;
170 1104 262 1123 praeterea
274 1107 316 1119 vero
324 1102 432 1119 canticorum
441 1107 525 1118 numeros
533 1101 647 1123 elegantioris
